Ticker,Date,Time,LTP,BuyPrice,BuyQty,SellPrice,SellQty,LTQ,OpenInterest
ABCAPITAL-I.NFO,12/09/2022,09:15:42,116.25,115.55,5400,116.15,5400,21600,23905800
ABCAPITAL-I.NFO,12/09/2022,09:15:42,115.55,115.55,5400,116.15,5400,0,23905800
ABCAPITAL-I.NFO,12/09/2022,09:15:42,116.25,115.55,5400,116.15,5400,0,23905800
ABCAPITAL-I.NFO,12/09/2022,09:15:42,115.55,115.55,5400,116.15,5400,0,23905800
ABCAPITAL-I.NFO,12/09/2022,09:16:02,115.55,115.7,10800,116.1,5400,0,23905800
ABCAPITAL-I.NFO,12/09/2022,09:16:22,115.55,115.85,10800,116.2,5400,0,23905800
ABCAPITAL-I.NFO,12/09/2022,09:16:40,116.1,116,5400,116.2,5400,10800,23905800
ABCAPITAL-I.NFO,12/09/2022,09:16:56,116.15,116,5400,116.2,5400,10800,23905800
ABCAPITAL-I.NFO,12/09/2022,09:17:13,116.25,116.25,5400,116.4,5400,10800,23905800
ABCAPITAL-I.NFO,12/09/2022,09:17:31,116.1,116.05,5400,116.25,5400,16200,23916600
ABCAPITAL-I.NFO,12/09/2022,09:17:31,116.3,116.05,5400,116.25,5400,0,23916600
ABCAPITAL-I.NFO,12/09/2022,09:17:48,116.3,116.15,10800,116.35,5400,5400,23916600
ABCAPITAL-I.NFO,12/09/2022,09:18:05,116.3,116.15,10800,116.35,5400,0,23916600
ABCAPITAL-I.NFO,12/09/2022,09:18:25,116.15,115.95,5400,116.3,5400,10800,23916600
ABCAPITAL-I.NFO,12/09/2022,09:18:46,116.15,115.9,5400,116.3,5400,0,23916600
ABCAPITAL-I.NFO,12/09/2022,09:19:06,116.15,115.9,5400,116.15,5400,0,23916600
ABCAPITAL-I.NFO,12/09/2022,09:19:27,115.95,115.85,10800,116.05,5400,10800,23916600
ABCAPITAL-I.NFO,12/09/2022,09:19:47,116,115.9,5400,116,5400,10800,23916600
ABCAPITAL-I.NFO,12/09/2022,09:20:07,115.9,115.9,5400,116,10800,5400,23916600
ABCAPITAL-I.NFO,12/09/2022,09:20:28,116,115.85,5400,116.05,5400,5400,23916600
ABCAPITAL-I.NFO,12/09/2022,09:20:49,115.85,115.7,10800,115.9,5400,5400,23954400
ABCAPITAL-I.NFO,12/09/2022,09:21:09,115.85,115.7,5400,115.9,5400,5400,23954400
ABCAPITAL-I.NFO,12/09/2022,09:21:29,115.85,115.85,5400,115.9,5400,0,23954400
ABCAPITAL-I.NFO,12/09/2022,09:21:48,115.85,115.8,5400,115.95,5400,5400,23954400
ABCAPITAL-I.NFO,12/09/2022,09:22:07,115.85,115.85,5400,115.95,5400,0,23954400
ABCAPITAL-I.NFO,12/09/2022,09:22:26,115.85,115.7,5400,115.85,5400,16200,23954400
ABCAPITAL-I.NFO,12/09/2022,09:22:45,115.7,115.65,10800,115.85,10800,5400,23954400
ABCAPITAL-I.NFO,12/09/2022,09:23:03,115.7,115.65,10800,115.85,10800,0,23954400
ABCAPITAL-I.NFO,12/09/2022,09:23:23,115.7,115.8,5400,115.85,5400,0,23954400
ABCAPITAL-I.NFO,12/09/2022,09:23:42,115.85,115.7,5400,115.85,5400,5400,23981400
ABCAPITAL-I.NFO,12/09/2022,09:24:02,115.85,115.7,5400,115.85,5400,0,23981400
ABCAPITAL-I.NFO,12/09/2022,09:24:21,115.7,115.6,10800,115.8,10800,16200,23981400
ABCAPITAL-I.NFO,12/09/2022,09:24:40,115.7,115.5,5400,115.75,5400,0,23981400
ABCAPITAL-I.NFO,12/09/2022,09:24:59,115.7,115.55,16200,115.75,5400,0,23981400
ABCAPITAL-I.NFO,12/09/2022,09:25:18,115.7,115.6,5400,115.75,5400,0,23981400
ABCAPITAL-I.NFO,12/09/2022,09:25:36,115.75,115.6,5400,115.8,10800,5400,23981400
ABCAPITAL-I.NFO,12/09/2022,09:25:53,115.6,115.6,5400,115.7,5400,5400,23981400
ABCAPITAL-I.NFO,12/09/2022,09:26:12,115.6,115.6,5400,115.7,5400,0,23981400
ABCAPITAL-I.NFO,12/09/2022,09:26:31,115.7,115.6,16200,115.7,5400,5400,23981400
ABCAPITAL-I.NFO,12/09/2022,09:26:49,115.7,115.6,16200,115.75,10800,5400,23976000
ABCAPITAL-I.NFO,12/09/2022,09:27:06,115.7,115.6,10800,115.7,5400,5400,23976000
ABCAPITAL-I.NFO,12/09/2022,09:27:24,115.6,115.55,10800,115.7,5400,5400,23976000
ABCAPITAL-I.NFO,12/09/2022,09:27:43,115.6,115.55,16200,115.75,5400,0,23976000
ABCAPITAL-I.NFO,12/09/2022,09:28:02,115.65,115.6,10800,115.75,5400,5400,23976000
ABCAPITAL-I.NFO,12/09/2022,09:28:20,115.65,115.55,16200,115.65,16200,16200,23976000
ABCAPITAL-I.NFO,12/09/2022,09:28:40,115.65,115.65,5400,115.8,10800,16200,23976000
ABCAPITAL-I.NFO,12/09/2022,09:28:59,115.65,115.6,21600,115.75,5400,0,23976000
ABCAPITAL-I.NFO,12/09/2022,09:29:18,115.6,115.55,16200,115.7,10800,10800,23976000
ABCAPITAL-I.NFO,12/09/2022,09:29:38,115.6,115.55,10800,115.6,5400,0,23976000
ABCAPITAL-I.NFO,12/09/2022,09:29:57,115.7,115.55,10800,115.75,10800,10800,23959800
ABCAPITAL-I.NFO,12/09/2022,09:30:17,115.7,115.55,10800,115.75,10800,10800,23959800
ABCAPITAL-I.NFO,12/09/2022,09:30:37,115.7,115.6,5400,115.75,21600,0,23959800
ABCAPITAL-I.NFO,12/09/2022,09:31:15,115.7,115.6,10800,115.75,10800,0,23959800
ABCAPITAL-I.NFO,12/09/2022,09:31:34,115.75,115.7,10800,115.8,10800,10800,23959800
ABCAPITAL-I.NFO,12/09/2022,09:31:52,115.7,115.65,5400,115.7,5400,10800,23959800
ABCAPITAL-I.NFO,12/09/2022,09:32:10,115.65,115.6,10800,115.75,5400,5400,23959800
ABCAPITAL-I.NFO,12/09/2022,09:32:30,115.65,115.6,16200,115.75,10800,10800,23959800
ABCAPITAL-I.NFO,12/09/2022,09:32:48,115.75,115.6,16200,115.75,5400,5400,23965200
ABCAPITAL-I.NFO,12/09/2022,09:33:07,115.75,115.65,5400,115.75,5400,0,23965200
ABCAPITAL-I.NFO,12/09/2022,09:33:25,115.75,115.75,5400,115.95,16200,0,23965200
ABCAPITAL-I.NFO,12/09/2022,09:33:45,115.75,115.75,5400,115.95,5400,0,23965200
ABCAPITAL-I.NFO,12/09/2022,09:34:18,115.75,115.75,5400,115.9,16200,0,23965200
ABCAPITAL-I.NFO,12/09/2022,09:34:44,115.75,115.75,5400,115.85,5400,0,23965200
ABCAPITAL-I.NFO,12/09/2022,09:35:05,115.85,115.8,10800,116,5400,21600,23965200
ABCAPITAL-I.NFO,12/09/2022,09:35:27,115.85,115.8,10800,116,5400,0,23965200
ABCAPITAL-I.NFO,12/09/2022,09:35:49,115.85,115.85,5400,116.05,5400,0,23965200
ABCAPITAL-I.NFO,12/09/2022,09:36:07,116,115.85,5400,116.05,10800,5400,23965200
ABCAPITAL-I.NFO,12/09/2022,09:36:26,116,115.9,5400,116.1,5400,0,23965200
ABCAPITAL-I.NFO,12/09/2022,09:37:03,116,116,10800,116.2,5400,0,23965200
ABCAPITAL-I.NFO,12/09/2022,09:37:35,116,116,16200,116.2,16200,0,23965200
ABCAPITAL-I.NFO,12/09/2022,09:38:01,116,116,16200,116.15,10800,0,23965200
ABCAPITAL-I.NFO,12/09/2022,09:38:21,116,116,10800,116.15,10800,0,23965200
ABCAPITAL-I.NFO,12/09/2022,09:38:41,116,116,16200,116.15,10800,0,23965200
ABCAPITAL-I.NFO,12/09/2022,09:38:59,116.15,116.05,5400,116.25,5400,16200,23965200
ABCAPITAL-I.NFO,12/09/2022,09:39:19,116.15,116.1,5400,116.25,10800,0,23965200
ABCAPITAL-I.NFO,12/09/2022,09:39:38,116.15,116.1,10800,116.25,10800,0,23965200
ABCAPITAL-I.NFO,12/09/2022,09:39:58,116.15,116.15,5400,116.25,16200,0,23965200
ABCAPITAL-I.NFO,12/09/2022,09:40:17,116.15,116.15,5400,116.25,10800,0,23965200
ABCAPITAL-I.NFO,12/09/2022,09:40:36,116.25,116.2,10800,116.4,16200,10800,23965200
ABCAPITAL-I.NFO,12/09/2022,09:40:56,116.55,116.4,10800,116.55,10800,27000,23965200
ABCAPITAL-I.NFO,12/09/2022,09:40:56,116.55,116.4,10800,116.55,10800,0,23965200
ABCAPITAL-I.NFO,12/09/2022,09:41:15,116.55,116.45,5400,116.6,5400,16200,23965200
ABCAPITAL-I.NFO,12/09/2022,09:41:34,116.55,116.4,10800,116.5,5400,0,23965200
ABCAPITAL-I.NFO,12/09/2022,09:41:53,116.5,116.5,5400,116.65,5400,21600,23959800
ABCAPITAL-I.NFO,12/09/2022,09:42:24,116.55,116.5,5400,116.6,5400,5400,23959800
ABCAPITAL-I.NFO,12/09/2022,09:42:49,116.65,116.5,16200,116.65,5400,5400,23959800
ABCAPITAL-I.NFO,12/09/2022,09:42:49,116.65,116.5,16200,116.65,5400,0,23959800
ABCAPITAL-I.NFO,12/09/2022,09:43:09,116.6,116.55,10800,116.65,16200,16200,23959800
ABCAPITAL-I.NFO,12/09/2022,09:43:27,116.6,116.55,21600,116.6,5400,5400,23959800
ABCAPITAL-I.NFO,12/09/2022,09:43:45,116.6,116.55,10800,116.6,5400,16200,23959800
ABCAPITAL-I.NFO,12/09/2022,09:44:04,116.65,116.6,5400,116.7,5400,10800,23959800
ABCAPITAL-I.NFO,12/09/2022,09:44:22,116.6,116.55,10800,116.65,5400,5400,23959800
ABCAPITAL-I.NFO,12/09/2022,09:44:38,116.6,116.55,10800,116.6,5400,0,23959800
ABCAPITAL-I.NFO,12/09/2022,09:44:55,116.55,116.5,5400,116.55,5400,10800,23949000
ABCAPITAL-I.NFO,12/09/2022,09:45:12,116.5,116.4,16200,116.55,5400,16200,23949000
ABCAPITAL-I.NFO,12/09/2022,09:45:29,116.5,116.4,10800,116.55,5400,0,23949000
ABCAPITAL-I.NFO,12/09/2022,09:45:46,116.45,116.35,5400,116.5,5400,5400,23949000
ABCAPITAL-I.NFO,12/09/2022,09:46:02,116.45,116.35,5400,116.5,5400,0,23949000
ABCAPITAL-I.NFO,12/09/2022,09:46:35,116.45,116.35,5400,116.55,5400,0,23949000
ABCAPITAL-I.NFO,12/09/2022,09:46:52,116.45,116.35,10800,116.55,5400,0,23949000
ABCAPITAL-I.NFO,12/09/2022,09:47:07,116.45,116.4,5400,116.55,10800,0,23949000
ABCAPITAL-I.NFO,12/09/2022,09:47:23,116.45,116.4,5400,116.5,5400,10800,23949000
ABCAPITAL-I.NFO,12/09/2022,09:47:43,116.4,116.25,5400,116.45,5400,16200,23959800
ABCAPITAL-I.NFO,12/09/2022,09:48:13,116.4,116.2,5400,116.35,10800,0,23959800
ABCAPITAL-I.NFO,12/09/2022,09:48:36,116.35,116.3,5400,116.5,10800,5400,23959800
ABCAPITAL-I.NFO,12/09/2022,09:48:56,116.35,116.3,5400,116.5,10800,0,23959800
ABCAPITAL-I.NFO,12/09/2022,09:49:14,116.35,116.35,5400,116.5,10800,0,23959800
ABCAPITAL-I.NFO,12/09/2022,09:49:33,116.5,116.35,10800,116.6,5400,10800,23959800
ABCAPITAL-I.NFO,12/09/2022,09:49:59,116.5,116.4,21600,116.55,10800,5400,23959800
ABCAPITAL-I.NFO,12/09/2022,09:50:23,116.5,116.4,16200,116.55,5400,5400,23959800
ABCAPITAL-I.NFO,12/09/2022,09:50:44,116.5,116.45,5400,116.6,5400,0,23959800
ABCAPITAL-I.NFO,12/09/2022,09:51:19,116.45,116.35,5400,116.5,5400,5400,23938200
ABCAPITAL-I.NFO,12/09/2022,09:51:36,116.45,116.35,5400,116.5,5400,0,23938200
ABCAPITAL-I.NFO,12/09/2022,09:51:53,116.65,116.45,10800,116.7,5400,27000,23938200
ABCAPITAL-I.NFO,12/09/2022,09:52:10,116.65,116.5,5400,116.65,5400,0,23938200
ABCAPITAL-I.NFO,12/09/2022,09:52:27,116.7,116.5,5400,116.75,10800,10800,23938200
ABCAPITAL-I.NFO,12/09/2022,09:52:27,116.7,116.5,5400,116.75,10800,0,23938200
ABCAPITAL-I.NFO,12/09/2022,09:52:45,116.7,116.6,5400,116.75,10800,0,23938200
ABCAPITAL-I.NFO,12/09/2022,09:53:01,116.75,116.7,5400,116.8,10800,10800,23938200
ABCAPITAL-I.NFO,12/09/2022,09:53:01,116.75,116.7,5400,116.8,10800,0,23938200
ABCAPITAL-I.NFO,12/09/2022,09:53:19,116.7,116.7,5400,116.85,21600,10800,23938200
ABCAPITAL-I.NFO,12/09/2022,09:53:19,116.8,116.7,5400,116.85,21600,0,23938200
ABCAPITAL-I.NFO,12/09/2022,09:53:36,116.85,116.7,5400,116.85,10800,10800,23927400
ABCAPITAL-I.NFO,12/09/2022,09:53:36,116.85,116.7,5400,116.85,10800,0,23927400
ABCAPITAL-I.NFO,12/09/2022,09:53:51,116.85,116.7,5400,116.75,5400,0,23927400
ABCAPITAL-I.NFO,12/09/2022,09:54:07,116.7,116.65,5400,116.85,10800,5400,23927400
ABCAPITAL-I.NFO,12/09/2022,09:54:25,116.7,116.7,5400,116.85,5400,0,23927400
ABCAPITAL-I.NFO,12/09/2022,09:54:42,116.85,116.75,10800,116.8,5400,5400,23927400
ABCAPITAL-I.NFO,12/09/2022,09:55:08,116.9,116.75,5400,116.9,10800,10800,23927400
ABCAPITAL-I.NFO,12/09/2022,09:55:08,116.9,116.75,5400,116.9,10800,0,23927400
ABCAPITAL-I.NFO,12/09/2022,09:55:34,116.8,116.75,10800,116.9,10800,10800,23927400
ABCAPITAL-I.NFO,12/09/2022,09:55:53,116.8,116.75,10800,116.9,5400,0,23927400
ABCAPITAL-I.NFO,12/09/2022,09:56:11,116.8,116.85,10800,116.9,5400,0,23927400
ABCAPITAL-I.NFO,12/09/2022,09:56:46,117,116.85,5400,117,10800,27000,23922000
ABCAPITAL-I.NFO,12/09/2022,09:56:46,117,116.85,5400,117,10800,0,23922000
ABCAPITAL-I.NFO,12/09/2022,09:57:11,116.9,116.85,10800,117,16200,5400,23922000
ABCAPITAL-I.NFO,12/09/2022,09:57:40,116.85,116.85,5400,117,16200,5400,23922000
ABCAPITAL-I.NFO,12/09/2022,09:58:03,116.85,116.8,10800,116.9,5400,0,23922000
ABCAPITAL-I.NFO,12/09/2022,09:58:25,116.85,116.8,5400,116.95,5400,5400,23922000
ABCAPITAL-I.NFO,12/09/2022,09:58:47,116.85,116.8,5400,116.95,10800,5400,23922000
ABCAPITAL-I.NFO,12/09/2022,09:59:14,116.85,116.7,10800,116.9,16200,16200,23922000
ABCAPITAL-I.NFO,12/09/2022,09:59:40,116.7,116.55,5400,116.75,5400,5400,23922000
ABCAPITAL-I.NFO,12/09/2022,10:00:02,116.7,116.55,5400,116.7,5400,0,23922000
ABCAPITAL-I.NFO,12/09/2022,10:02:00,116.7,116.55,10800,116.7,5400,0,23922000
ABCAPITAL-I.NFO,12/09/2022,10:02:20,116.7,116.55,5400,116.7,5400,0,23922000
ABCAPITAL-I.NFO,12/09/2022,10:03:08,116.7,116.55,5400,116.7,16200,0,23922000
ABCAPITAL-I.NFO,12/09/2022,10:03:29,116.6,116.55,5400,116.7,16200,10800,23911200
ABCAPITAL-I.NFO,12/09/2022,10:03:49,116.55,116.5,5400,116.7,16200,5400,23911200
ABCAPITAL-I.NFO,12/09/2022,10:04:08,116.55,116.5,5400,116.7,16200,0,23911200
ABCAPITAL-I.NFO,12/09/2022,10:04:49,116.55,116.5,5400,116.6,5400,0,23911200
ABCAPITAL-I.NFO,12/09/2022,10:05:16,116.55,116.5,10800,116.6,5400,5400,23911200
ABCAPITAL-I.NFO,12/09/2022,10:05:38,116.55,116.5,10800,116.6,5400,0,23911200
ABCAPITAL-I.NFO,12/09/2022,10:06:47,116.55,116.5,10800,116.7,16200,0,23911200
ABCAPITAL-I.NFO,12/09/2022,10:07:05,116.55,116.5,10800,116.6,5400,0,23911200
ABCAPITAL-I.NFO,12/09/2022,10:07:24,116.55,116.5,10800,116.55,10800,0,23911200
ABCAPITAL-I.NFO,12/09/2022,10:07:50,116.55,116.5,10800,116.65,5400,10800,23900400
ABCAPITAL-I.NFO,12/09/2022,10:08:16,116.55,116.5,10800,116.65,5400,0,23900400
ABCAPITAL-I.NFO,12/09/2022,10:08:56,116.55,116.55,10800,116.65,5400,0,23900400
ABCAPITAL-I.NFO,12/09/2022,10:09:16,116.65,116.55,16200,116.75,5400,10800,23889600
ABCAPITAL-I.NFO,12/09/2022,10:09:44,116.75,116.6,10800,116.8,10800,21600,23889600
ABCAPITAL-I.NFO,12/09/2022,10:10:05,116.75,116.6,5400,116.8,10800,0,23889600
ABCAPITAL-I.NFO,12/09/2022,10:10:55,116.75,116.6,10800,116.75,5400,0,23889600
ABCAPITAL-I.NFO,12/09/2022,10:11:39,116.8,116.65,10800,116.8,10800,16200,23905800
ABCAPITAL-I.NFO,12/09/2022,10:11:58,116.8,116.65,5400,116.8,10800,0,23905800
ABCAPITAL-I.NFO,12/09/2022,10:12:17,116.65,116.65,5400,116.75,5400,5400,23905800
ABCAPITAL-I.NFO,12/09/2022,10:12:36,116.65,116.65,5400,116.75,5400,0,23905800
ABCAPITAL-I.NFO,12/09/2022,10:13:13,116.65,116.6,5400,116.8,16200,5400,23905800
ABCAPITAL-I.NFO,12/09/2022,10:13:31,116.8,116.65,5400,116.8,5400,10800,23905800
ABCAPITAL-I.NFO,12/09/2022,10:13:48,116.8,116.65,10800,116.8,5400,0,23905800
ABCAPITAL-I.NFO,12/09/2022,10:14:04,116.8,116.65,5400,116.8,5400,0,23905800
ABCAPITAL-I.NFO,12/09/2022,10:14:22,116.8,116.65,5400,116.75,5400,0,23905800
ABCAPITAL-I.NFO,12/09/2022,10:14:38,116.7,116.65,5400,116.8,16200,5400,23905800
ABCAPITAL-I.NFO,12/09/2022,10:14:53,116.7,116.65,5400,116.7,5400,0,23905800
ABCAPITAL-I.NFO,12/09/2022,10:15:08,116.7,116.65,5400,116.75,5400,5400,23900400
ABCAPITAL-I.NFO,12/09/2022,10:15:41,116.7,116.65,5400,116.75,5400,10800,23900400
ABCAPITAL-I.NFO,12/09/2022,10:15:57,116.7,116.65,5400,116.75,5400,0,23900400
ABCAPITAL-I.NFO,12/09/2022,10:16:54,116.65,116.55,5400,116.7,10800,5400,23900400
ABCAPITAL-I.NFO,12/09/2022,10:17:20,116.65,116.55,5400,116.7,10800,0,23900400
ABCAPITAL-I.NFO,12/09/2022,10:17:56,116.65,116.6,5400,116.75,5400,0,23900400
ABCAPITAL-I.NFO,12/09/2022,10:18:14,116.65,116.7,5400,116.75,5400,0,23900400
ABCAPITAL-I.NFO,12/09/2022,10:18:33,116.7,116.65,5400,116.8,10800,5400,23900400
ABCAPITAL-I.NFO,12/09/2022,10:18:50,116.7,116.65,5400,116.8,10800,0,23900400
ABCAPITAL-I.NFO,12/09/2022,10:19:58,116.7,116.65,10800,116.85,27000,5400,23900400
ABCAPITAL-I.NFO,12/09/2022,10:20:16,116.7,116.65,10800,116.85,21600,0,23900400
ABCAPITAL-I.NFO,12/09/2022,10:20:34,116.8,116.65,10800,116.85,16200,5400,23900400
ABCAPITAL-I.NFO,12/09/2022,10:20:52,116.8,116.65,10800,116.85,16200,0,23900400
ABCAPITAL-I.NFO,12/09/2022,10:21:14,116.8,116.65,10800,116.8,5400,0,23900400
ABCAPITAL-I.NFO,12/09/2022,10:21:43,116.8,116.65,10800,116.8,10800,0,23900400
ABCAPITAL-I.NFO,12/09/2022,10:22:09,116.8,116.65,10800,116.85,16200,0,23900400
ABCAPITAL-I.NFO,12/09/2022,10:22:37,116.65,116.65,5400,116.75,5400,10800,23895000
ABCAPITAL-I.NFO,12/09/2022,10:22:58,116.65,116.65,5400,116.75,5400,0,23895000
ABCAPITAL-I.NFO,12/09/2022,10:23:16,116.7,116.65,5400,116.75,5400,5400,23895000
ABCAPITAL-I.NFO,12/09/2022,10:23:33,116.7,116.65,16200,116.7,5400,0,23895000
ABCAPITAL-I.NFO,12/09/2022,10:23:48,116.7,116.65,16200,116.8,5400,5400,23889600
ABCAPITAL-I.NFO,12/09/2022,10:24:04,116.7,116.65,16200,116.75,5400,0,23889600
ABCAPITAL-I.NFO,12/09/2022,10:24:36,116.75,116.65,16200,116.8,5400,5400,23889600
ABCAPITAL-I.NFO,12/09/2022,10:25:03,116.75,116.65,16200,116.8,5400,0,23889600
ABCAPITAL-I.NFO,12/09/2022,10:26:08,116.7,116.65,16200,116.75,5400,5400,23889600
ABCAPITAL-I.NFO,12/09/2022,10:26:27,116.75,116.65,16200,116.75,5400,5400,23889600
ABCAPITAL-I.NFO,12/09/2022,10:26:45,116.75,116.65,16200,116.75,5400,0,23889600
ABCAPITAL-I.NFO,12/09/2022,10:27:34,116.75,116.65,16200,116.8,5400,5400,23878800
ABCAPITAL-I.NFO,12/09/2022,10:27:52,116.8,116.65,16200,116.8,5400,5400,23878800
ABCAPITAL-I.NFO,12/09/2022,10:28:10,116.8,116.7,5400,116.8,5400,0,23878800
ABCAPITAL-I.NFO,12/09/2022,10:28:28,116.8,116.7,21600,116.85,10800,5400,23878800
ABCAPITAL-I.NFO,12/09/2022,10:28:45,117.05,116.85,16200,117.05,5400,70200,23878800
ABCAPITAL-I.NFO,12/09/2022,10:28:45,117.05,116.85,16200,117.05,5400,0,23878800
ABCAPITAL-I.NFO,12/09/2022,10:28:59,117,116.85,16200,117.05,10800,5400,23878800
ABCAPITAL-I.NFO,12/09/2022,10:29:15,117.2,117,16200,117.2,10800,54000,23878800
ABCAPITAL-I.NFO,12/09/2022,10:29:15,117.2,117,16200,117.2,10800,0,23878800
ABCAPITAL-I.NFO,12/09/2022,10:29:31,117.2,117.1,5400,117.25,10800,10800,23878800
ABCAPITAL-I.NFO,12/09/2022,10:29:45,117.2,117.1,16200,117.25,5400,0,23878800
ABCAPITAL-I.NFO,12/09/2022,10:30:00,117.3,117.1,16200,117.3,5400,16200,23868000
ABCAPITAL-I.NFO,12/09/2022,10:30:00,117.3,117.1,16200,117.3,5400,0,23868000
ABCAPITAL-I.NFO,12/09/2022,10:30:15,117.3,117.1,16200,117.3,10800,0,23868000
ABCAPITAL-I.NFO,12/09/2022,10:30:30,117.3,117.1,16200,117.25,10800,5400,23868000
ABCAPITAL-I.NFO,12/09/2022,10:30:44,117.15,117.1,16200,117.25,5400,5400,23868000
ABCAPITAL-I.NFO,12/09/2022,10:31:07,117.1,117.05,5400,117.2,5400,16200,23868000
ABCAPITAL-I.NFO,12/09/2022,10:31:32,117.1,117,21600,117.15,5400,10800,23868000
ABCAPITAL-I.NFO,12/09/2022,10:31:52,117.1,117,21600,117.1,5400,0,23868000
ABCAPITAL-I.NFO,12/09/2022,10:32:10,117,117,5400,117.1,16200,5400,23868000
ABCAPITAL-I.NFO,12/09/2022,10:32:30,117,116.8,10800,117.05,5400,16200,23868000
ABCAPITAL-I.NFO,12/09/2022,10:32:56,117,116.85,5400,117,5400,0,23868000
ABCAPITAL-I.NFO,12/09/2022,10:33:17,117.05,117,5400,117.1,5400,10800,23895000
ABCAPITAL-I.NFO,12/09/2022,10:33:37,117.2,117.05,10800,117.2,16200,10800,23895000
ABCAPITAL-I.NFO,12/09/2022,10:33:55,117.2,117.05,16200,117.2,16200,0,23895000
ABCAPITAL-I.NFO,12/09/2022,10:34:13,117.05,116.9,5400,117.1,16200,16200,23895000
ABCAPITAL-I.NFO,12/09/2022,10:34:30,117.05,116.9,5400,117.1,16200,0,23895000
ABCAPITAL-I.NFO,12/09/2022,10:35:02,117.05,116.9,5400,117.15,10800,27000,23895000
ABCAPITAL-I.NFO,12/09/2022,10:35:26,117.05,116.9,5400,117.05,5400,0,23895000
ABCAPITAL-I.NFO,12/09/2022,10:35:51,117.05,116.8,5400,117.05,5400,0,23895000
ABCAPITAL-I.NFO,12/09/2022,10:36:12,117.05,116.8,5400,116.95,5400,0,23895000
ABCAPITAL-I.NFO,12/09/2022,10:36:35,116.8,116.7,10800,116.9,5400,5400,23911200
ABCAPITAL-I.NFO,12/09/2022,10:37:00,116.8,116.7,5400,116.95,5400,5400,23911200
ABCAPITAL-I.NFO,12/09/2022,10:37:21,116.8,116.7,5400,116.95,5400,0,23911200
ABCAPITAL-I.NFO,12/09/2022,10:37:40,116.8,116.7,5400,116.9,5400,0,23911200
ABCAPITAL-I.NFO,12/09/2022,10:37:58,116.8,116.7,5400,116.95,16200,0,23911200
ABCAPITAL-I.NFO,12/09/2022,10:38:17,116.8,116.7,10800,116.9,5400,0,23911200
ABCAPITAL-I.NFO,12/09/2022,10:38:35,116.8,116.7,5400,116.9,5400,0,23911200
ABCAPITAL-I.NFO,12/09/2022,10:39:09,116.8,116.75,5400,116.95,5400,0,23911200
ABCAPITAL-I.NFO,12/09/2022,10:39:56,116.8,116.75,10800,116.95,5400,0,23911200
ABCAPITAL-I.NFO,12/09/2022,10:40:16,116.8,116.75,10800,116.9,10800,0,23911200
ABCAPITAL-I.NFO,12/09/2022,10:40:35,116.8,116.75,10800,116.9,5400,0,23911200
ABCAPITAL-I.NFO,12/09/2022,10:40:52,116.8,116.8,5400,116.9,5400,0,23911200
ABCAPITAL-I.NFO,12/09/2022,10:41:17,116.8,116.75,5400,116.9,5400,10800,23900400
ABCAPITAL-I.NFO,12/09/2022,10:41:42,116.8,116.75,10800,116.9,5400,0,23900400
ABCAPITAL-I.NFO,12/09/2022,10:42:19,116.8,116.75,10800,116.85,5400,0,23900400
ABCAPITAL-I.NFO,12/09/2022,10:43:07,116.8,116.75,16200,116.85,5400,0,23900400
ABCAPITAL-I.NFO,12/09/2022,10:44:01,116.8,116.8,10800,116.85,5400,0,23900400
ABCAPITAL-I.NFO,12/09/2022,10:46:06,116.8,116.65,5400,116.8,5400,27000,23889600
ABCAPITAL-I.NFO,12/09/2022,10:46:25,116.8,116.65,5400,116.8,16200,0,23889600
ABCAPITAL-I.NFO,12/09/2022,10:46:42,116.75,116.6,10800,116.8,5400,21600,23889600
ABCAPITAL-I.NFO,12/09/2022,10:46:59,116.75,116.65,5400,116.8,5400,0,23889600
ABCAPITAL-I.NFO,12/09/2022,10:47:15,116.75,116.65,16200,116.85,5400,0,23889600
ABCAPITAL-I.NFO,12/09/2022,10:47:50,116.75,116.7,5400,116.85,10800,0,23889600
ABCAPITAL-I.NFO,12/09/2022,10:48:22,116.75,116.7,5400,116.8,10800,0,23889600
ABCAPITAL-I.NFO,12/09/2022,10:48:38,116.75,116.7,10800,116.75,5400,0,23889600
ABCAPITAL-I.NFO,12/09/2022,10:48:54,116.75,116.7,10800,116.85,5400,0,23889600
ABCAPITAL-I.NFO,12/09/2022,10:50:37,116.7,116.65,5400,116.85,5400,10800,23900400
ABCAPITAL-I.NFO,12/09/2022,10:50:53,116.7,116.65,21600,116.8,5400,0,23900400
ABCAPITAL-I.NFO,12/09/2022,10:51:07,116.7,116.75,5400,116.8,5400,0,23900400
ABCAPITAL-I.NFO,12/09/2022,10:51:38,116.7,116.75,5400,116.85,5400,0,23900400
ABCAPITAL-I.NFO,12/09/2022,10:52:22,116.85,116.85,5400,117,10800,5400,23895000
ABCAPITAL-I.NFO,12/09/2022,10:52:38,116.85,116.9,5400,117,10800,5400,23895000
ABCAPITAL-I.NFO,12/09/2022,10:52:54,116.85,116.9,5400,117,10800,0,23895000
ABCAPITAL-I.NFO,12/09/2022,10:53:09,116.85,116.9,10800,117.1,5400,0,23895000
ABCAPITAL-I.NFO,12/09/2022,10:53:23,117,116.9,10800,117.1,5400,5400,23895000
ABCAPITAL-I.NFO,12/09/2022,10:53:38,116.9,116.85,10800,117,10800,5400,23895000
ABCAPITAL-I.NFO,12/09/2022,10:53:52,116.9,116.85,10800,117,5400,0,23895000
ABCAPITAL-I.NFO,12/09/2022,10:54:34,116.95,116.85,16200,117.05,5400,5400,23889600
ABCAPITAL-I.NFO,12/09/2022,10:54:47,116.95,116.85,16200,117.05,5400,0,23889600
ABCAPITAL-I.NFO,12/09/2022,10:55:00,116.95,116.9,5400,117.05,5400,0,23889600
ABCAPITAL-I.NFO,12/09/2022,10:55:14,116.95,116.9,5400,117.05,5400,5400,23889600
ABCAPITAL-I.NFO,12/09/2022,10:55:31,116.95,117,5400,117.1,5400,0,23889600
ABCAPITAL-I.NFO,12/09/2022,10:56:22,117,116.95,5400,117.1,5400,5400,23889600
ABCAPITAL-I.NFO,12/09/2022,10:56:41,117,116.95,5400,117.1,5400,0,23889600
ABCAPITAL-I.NFO,12/09/2022,10:56:58,117,116.95,10800,117.1,5400,0,23889600
ABCAPITAL-I.NFO,12/09/2022,10:57:45,117,116.95,10800,117.05,5400,0,23889600
ABCAPITAL-I.NFO,12/09/2022,10:58:05,117,116.95,10800,117.1,5400,0,23889600
ABCAPITAL-I.NFO,12/09/2022,10:58:23,116.95,116.85,10800,117,27000,16200,23878800
ABCAPITAL-I.NFO,12/09/2022,10:58:46,116.95,116.85,10800,117,27000,0,23878800
ABCAPITAL-I.NFO,12/09/2022,10:59:08,116.85,116.8,5400,116.95,27000,10800,23878800
ABCAPITAL-I.NFO,12/09/2022,10:59:25,116.85,116.8,5400,116.95,27000,0,23878800
ABCAPITAL-I.NFO,12/09/2022,10:59:55,116.8,116.8,5400,117,5400,27000,23878800
ABCAPITAL-I.NFO,12/09/2022,11:00:08,116.8,116.8,5400,117,5400,0,23878800
ABCAPITAL-I.NFO,12/09/2022,11:00:21,116.8,116.85,16200,117.1,5400,0,23878800
ABCAPITAL-I.NFO,12/09/2022,11:00:34,116.8,116.9,5400,117.1,5400,0,23878800
ABCAPITAL-I.NFO,12/09/2022,11:01:13,116.8,116.9,5400,117.05,5400,0,23878800
ABCAPITAL-I.NFO,12/09/2022,11:01:40,116.8,116.9,5400,117.1,10800,0,23878800
ABCAPITAL-I.NFO,12/09/2022,11:01:53,116.8,116.9,16200,117.1,10800,0,23878800
ABCAPITAL-I.NFO,12/09/2022,11:02:04,116.8,116.9,21600,117.1,10800,0,23878800
ABCAPITAL-I.NFO,12/09/2022,11:02:34,116.8,116.9,5400,117.05,5400,0,23878800
ABCAPITAL-I.NFO,12/09/2022,11:02:59,116.8,116.95,5400,117.1,5400,0,23878800
ABCAPITAL-I.NFO,12/09/2022,11:03:28,117.05,116.95,5400,117.1,5400,5400,23873400
ABCAPITAL-I.NFO,12/09/2022,11:03:48,117.1,117.05,5400,117.2,10800,5400,23873400
ABCAPITAL-I.NFO,12/09/2022,11:04:05,117.1,117,21600,117.2,10800,0,23873400
ABCAPITAL-I.NFO,12/09/2022,11:04:25,116.9,116.9,10800,117.2,16200,5400,23873400
ABCAPITAL-I.NFO,12/09/2022,11:04:53,116.9,116.95,10800,117.15,5400,0,23873400
ABCAPITAL-I.NFO,12/09/2022,11:05:12,117.15,117,16200,117.2,5400,5400,23873400
ABCAPITAL-I.NFO,12/09/2022,11:05:28,117.05,117.05,5400,117.2,10800,5400,23873400
ABCAPITAL-I.NFO,12/09/2022,11:06:00,117.05,117.05,10800,117.15,5400,0,23873400
ABCAPITAL-I.NFO,12/09/2022,11:06:21,117.05,117.05,5400,117.2,10800,5400,23873400
ABCAPITAL-I.NFO,12/09/2022,11:06:49,117.05,117,5400,117.15,10800,5400,23873400
ABCAPITAL-I.NFO,12/09/2022,11:07:10,117.1,117,5400,117.1,5400,5400,23873400
ABCAPITAL-I.NFO,12/09/2022,11:07:48,117.1,117,5400,117.1,5400,0,23873400
ABCAPITAL-I.NFO,12/09/2022,11:08:04,117.1,117,5400,117.15,21600,0,23873400
ABCAPITAL-I.NFO,12/09/2022,11:08:20,117.05,117,16200,117.15,16200,5400,23873400
ABCAPITAL-I.NFO,12/09/2022,11:08:46,117.1,117,10800,117.1,10800,5400,23873400
ABCAPITAL-I.NFO,12/09/2022,11:09:13,117.1,117,10800,117.1,10800,0,23873400
ABCAPITAL-I.NFO,12/09/2022,11:09:35,117.05,117,21600,117.1,16200,5400,23862600
ABCAPITAL-I.NFO,12/09/2022,11:09:54,117.05,117,16200,117.1,16200,0,23862600
ABCAPITAL-I.NFO,12/09/2022,11:10:11,117.1,117.05,16200,117.25,10800,16200,23862600
ABCAPITAL-I.NFO,12/09/2022,11:10:29,117.1,117.05,21600,117.25,5400,0,23862600
ABCAPITAL-I.NFO,12/09/2022,11:10:45,117.1,117.05,21600,117.2,5400,0,23862600
ABCAPITAL-I.NFO,12/09/2022,11:11:01,117.2,117.05,27000,117.25,16200,5400,23862600
ABCAPITAL-I.NFO,12/09/2022,11:11:16,117.25,117.15,16200,117.3,16200,10800,23862600
ABCAPITAL-I.NFO,12/09/2022,11:11:37,117.25,117.15,16200,117.3,32400,0,23862600
ABCAPITAL-I.NFO,12/09/2022,11:12:24,117.15,117.05,21600,117.2,5400,10800,23857200
ABCAPITAL-I.NFO,12/09/2022,11:12:42,117.15,117.05,21600,117.15,5400,0,23857200
ABCAPITAL-I.NFO,12/09/2022,11:13:01,117.15,117.05,21600,117.15,10800,0,23857200
ABCAPITAL-I.NFO,12/09/2022,11:13:20,117.15,117.05,10800,117.15,16200,0,23857200
ABCAPITAL-I.NFO,12/09/2022,11:14:13,117.05,117,10800,117.15,16200,5400,23857200
ABCAPITAL-I.NFO,12/09/2022,11:14:48,117.05,117,21600,117.15,16200,0,23857200
ABCAPITAL-I.NFO,12/09/2022,11:15:04,117.05,117,16200,117.15,16200,0,23857200
ABCAPITAL-I.NFO,12/09/2022,11:16:21,117,117,5400,117.15,21600,5400,23857200
ABCAPITAL-I.NFO,12/09/2022,11:16:44,117,117,5400,117.15,21600,0,23857200
ABCAPITAL-I.NFO,12/09/2022,11:17:06,117.15,117,16200,117.15,16200,5400,23857200
ABCAPITAL-I.NFO,12/09/2022,11:17:27,117.15,117,16200,117.15,16200,0,23857200
ABCAPITAL-I.NFO,12/09/2022,11:18:22,117.15,117,10800,117.15,16200,0,23857200
ABCAPITAL-I.NFO,12/09/2022,11:18:41,117.15,117,16200,117.15,21600,0,23857200
ABCAPITAL-I.NFO,12/09/2022,11:19:06,117.15,117,16200,117.1,5400,0,23857200
ABCAPITAL-I.NFO,12/09/2022,11:19:32,117,116.9,16200,117.1,5400,5400,23862600
ABCAPITAL-I.NFO,12/09/2022,11:19:57,117,116.95,10800,117.15,21600,0,23862600
ABCAPITAL-I.NFO,12/09/2022,11:20:24,117,116.95,5400,117.05,5400,0,23862600
ABCAPITAL-I.NFO,12/09/2022,11:20:47,117,116.95,5400,117.1,5400,0,23862600
ABCAPITAL-I.NFO,12/09/2022,11:21:07,117,116.9,10800,117.05,5400,0,23862600
ABCAPITAL-I.NFO,12/09/2022,11:21:26,117,116.9,5400,117.05,5400,0,23862600
ABCAPITAL-I.NFO,12/09/2022,11:21:44,117,116.9,10800,117.05,5400,0,23862600
ABCAPITAL-I.NFO,12/09/2022,11:22:03,116.9,116.85,16200,117.05,10800,5400,23857200
ABCAPITAL-I.NFO,12/09/2022,11:22:37,116.9,116.85,21600,117.05,5400,0,23857200
ABCAPITAL-I.NFO,12/09/2022,11:22:53,117.05,116.95,5400,117.1,5400,5400,23857200
ABCAPITAL-I.NFO,12/09/2022,11:23:12,117.05,116.95,5400,117.05,5400,0,23857200
ABCAPITAL-I.NFO,12/09/2022,11:23:40,117.05,116.95,5400,117,5400,0,23857200
ABCAPITAL-I.NFO,12/09/2022,11:24:01,117.05,116.95,10800,117.1,5400,0,23857200
ABCAPITAL-I.NFO,12/09/2022,11:24:49,116.95,116.85,10800,117,5400,5400,23851800
ABCAPITAL-I.NFO,12/09/2022,11:25:14,116.95,116.9,5400,117,5400,0,23851800
ABCAPITAL-I.NFO,12/09/2022,11:25:36,116.95,116.9,5400,117.05,5400,0,23851800
ABCAPITAL-I.NFO,12/09/2022,11:26:01,117,116.95,5400,117.05,5400,5400,23851800
ABCAPITAL-I.NFO,12/09/2022,11:26:27,117,116.95,5400,117.1,16200,0,23851800
ABCAPITAL-I.NFO,12/09/2022,11:26:50,117,116.95,5400,117,16200,0,23851800
ABCAPITAL-I.NFO,12/09/2022,11:27:12,116.95,116.9,5400,117,10800,10800,23857200
ABCAPITAL-I.NFO,12/09/2022,11:27:39,116.95,116.9,5400,117,10800,0,23857200
ABCAPITAL-I.NFO,12/09/2022,11:29:03,116.95,116.9,10800,117,10800,5400,23857200
ABCAPITAL-I.NFO,12/09/2022,11:29:20,116.95,116.9,10800,117,10800,0,23857200
ABCAPITAL-I.NFO,12/09/2022,11:29:37,116.95,116.95,5400,117,10800,0,23857200
ABCAPITAL-I.NFO,12/09/2022,11:29:53,117,116.95,16200,117.05,5400,10800,23857200
ABCAPITAL-I.NFO,12/09/2022,11:30:09,117,116.95,10800,117.05,5400,0,23857200
ABCAPITAL-I.NFO,12/09/2022,11:30:54,117,116.95,16200,117.05,5400,0,23857200
ABCAPITAL-I.NFO,12/09/2022,11:31:09,117,116.95,16200,117,5400,0,23857200
ABCAPITAL-I.NFO,12/09/2022,11:31:25,117,117,5400,117.1,5400,5400,23857200
ABCAPITAL-I.NFO,12/09/2022,11:31:41,117,117,5400,117.1,5400,0,23857200
ABCAPITAL-I.NFO,12/09/2022,11:32:22,117,117,5400,117.05,5400,0,23857200
ABCAPITAL-I.NFO,12/09/2022,11:32:47,117.05,117,5400,117.1,5400,5400,23857200
ABCAPITAL-I.NFO,12/09/2022,11:33:08,117.05,117,16200,117.1,5400,5400,23846400
ABCAPITAL-I.NFO,12/09/2022,11:33:27,117.05,117,16200,117.1,5400,0,23846400
ABCAPITAL-I.NFO,12/09/2022,11:34:15,117.05,117,5400,117.1,5400,0,23846400
ABCAPITAL-I.NFO,12/09/2022,11:35:01,117.1,116.95,10800,117.1,5400,5400,23846400
ABCAPITAL-I.NFO,12/09/2022,11:35:23,117,116.95,16200,117.15,27000,5400,23846400
ABCAPITAL-I.NFO,12/09/2022,11:35:43,117,116.95,16200,117.15,27000,0,23846400
ABCAPITAL-I.NFO,12/09/2022,11:36:08,117,116.95,5400,117.1,10800,0,23846400
ABCAPITAL-I.NFO,12/09/2022,11:37:59,117,116.95,10800,117,5400,0,23846400
ABCAPITAL-I.NFO,12/09/2022,11:38:18,117.1,116.95,10800,117.15,32400,10800,23841000
ABCAPITAL-I.NFO,12/09/2022,11:38:37,117,116.95,5400,117.1,5400,5400,23841000
ABCAPITAL-I.NFO,12/09/2022,11:39:26,117,116.95,21600,117.15,27000,0,23841000
ABCAPITAL-I.NFO,12/09/2022,11:40:06,116.95,116.95,10800,117.1,5400,5400,23835600
ABCAPITAL-I.NFO,12/09/2022,11:40:47,116.95,117,10800,117.15,16200,0,23835600
ABCAPITAL-I.NFO,12/09/2022,11:41:06,116.95,116.95,21600,117.15,21600,0,23835600
ABCAPITAL-I.NFO,12/09/2022,11:41:24,116.95,116.95,16200,117.1,5400,0,23835600
ABCAPITAL-I.NFO,12/09/2022,11:41:41,116.95,116.95,16200,117,5400,0,23835600
ABCAPITAL-I.NFO,12/09/2022,11:42:13,116.95,116.95,10800,117,5400,5400,23841000
ABCAPITAL-I.NFO,12/09/2022,11:42:29,116.95,116.95,10800,117,5400,0,23841000
ABCAPITAL-I.NFO,12/09/2022,11:42:46,116.95,116.95,5400,117.1,16200,5400,23841000
ABCAPITAL-I.NFO,12/09/2022,11:43:03,116.95,117,5400,117.1,10800,0,23841000
ABCAPITAL-I.NFO,12/09/2022,11:43:22,117,116.95,5400,117.1,10800,5400,23841000
ABCAPITAL-I.NFO,12/09/2022,11:43:49,117,116.95,5400,117.1,10800,0,23841000
ABCAPITAL-I.NFO,12/09/2022,11:44:08,117,116.95,5400,117.1,5400,0,23841000
ABCAPITAL-I.NFO,12/09/2022,11:44:26,116.95,116.9,16200,117.1,10800,5400,23841000
ABCAPITAL-I.NFO,12/09/2022,11:44:45,116.95,116.9,16200,117.05,5400,0,23841000
ABCAPITAL-I.NFO,12/09/2022,11:45:22,116.95,116.9,21600,117.05,5400,0,23841000
ABCAPITAL-I.NFO,12/09/2022,11:45:41,116.95,116.95,16200,117.15,21600,0,23841000
ABCAPITAL-I.NFO,12/09/2022,11:45:57,116.95,116.95,21600,117.1,5400,0,23841000
ABCAPITAL-I.NFO,12/09/2022,11:46:23,117.1,117,10800,117.15,16200,5400,23824800
ABCAPITAL-I.NFO,12/09/2022,11:46:51,117.1,116.95,16200,117.1,5400,0,23824800
ABCAPITAL-I.NFO,12/09/2022,11:47:16,117.1,116.95,16200,117.15,21600,0,23824800
ABCAPITAL-I.NFO,12/09/2022,11:47:37,117.1,116.95,16200,117.1,5400,0,23824800
ABCAPITAL-I.NFO,12/09/2022,11:48:52,117.1,116.95,16200,117.1,10800,0,23824800
ABCAPITAL-I.NFO,12/09/2022,11:49:38,117.1,116.95,16200,117.05,5400,0,23824800
ABCAPITAL-I.NFO,12/09/2022,11:49:58,117.1,116.95,16200,117.1,10800,0,23824800
ABCAPITAL-I.NFO,12/09/2022,11:50:36,117.1,116.95,21600,117.1,10800,0,23824800
ABCAPITAL-I.NFO,12/09/2022,11:52:23,117.1,116.95,5400,117.1,10800,0,23824800
ABCAPITAL-I.NFO,12/09/2022,11:52:50,117.1,117,16200,117.15,16200,27000,23824800
ABCAPITAL-I.NFO,12/09/2022,11:53:13,117.1,117,16200,117.15,16200,0,23824800
ABCAPITAL-I.NFO,12/09/2022,11:53:40,116.95,116.9,21600,117.05,5400,21600,23824800
ABCAPITAL-I.NFO,12/09/2022,11:54:04,116.95,116.9,16200,117.05,10800,0,23824800
ABCAPITAL-I.NFO,12/09/2022,11:54:25,117,116.95,21600,117.1,10800,16200,23830200
ABCAPITAL-I.NFO,12/09/2022,11:54:46,117,116.95,16200,117.1,10800,0,23830200
ABCAPITAL-I.NFO,12/09/2022,11:55:10,117,116.95,21600,117.1,10800,0,23830200
ABCAPITAL-I.NFO,12/09/2022,11:55:59,117,116.95,10800,117,5400,0,23830200
ABCAPITAL-I.NFO,12/09/2022,11:57:29,117,116.95,10800,117.1,10800,5400,23830200
ABCAPITAL-I.NFO,12/09/2022,11:57:51,117,116.95,10800,117.1,10800,0,23830200
ABCAPITAL-I.NFO,12/09/2022,11:58:40,116.95,116.95,5400,117.05,5400,5400,23830200
ABCAPITAL-I.NFO,12/09/2022,11:58:58,116.95,116.95,10800,117.1,10800,0,23830200
ABCAPITAL-I.NFO,12/09/2022,11:59:44,116.95,116.95,10800,117.1,16200,5400,23830200
ABCAPITAL-I.NFO,12/09/2022,12:00:04,116.95,116.9,16200,117,10800,10800,23830200
ABCAPITAL-I.NFO,12/09/2022,12:00:25,116.95,116.9,10800,117,10800,0,23830200
ABCAPITAL-I.NFO,12/09/2022,12:00:46,116.95,116.9,16200,117,10800,0,23830200
ABCAPITAL-I.NFO,12/09/2022,12:01:05,116.95,116.9,21600,117,10800,0,23830200
ABCAPITAL-I.NFO,12/09/2022,12:01:25,116.95,116.9,21600,117,10800,5400,23830200
ABCAPITAL-I.NFO,12/09/2022,12:01:45,116.95,116.9,16200,117,10800,0,23830200
ABCAPITAL-I.NFO,12/09/2022,12:02:52,116.9,116.9,10800,117,10800,5400,23830200
ABCAPITAL-I.NFO,12/09/2022,12:03:50,117,116.9,21600,117.05,5400,21600,23841000
ABCAPITAL-I.NFO,12/09/2022,12:04:07,117,116.9,21600,117.05,5400,0,23841000
ABCAPITAL-I.NFO,12/09/2022,12:04:23,117,116.9,16200,117,5400,0,23841000
ABCAPITAL-I.NFO,12/09/2022,12:04:59,117,116.9,5400,117,5400,0,23841000
ABCAPITAL-I.NFO,12/09/2022,12:05:27,117,116.85,10800,117,5400,0,23841000
ABCAPITAL-I.NFO,12/09/2022,12:06:54,117,116.95,10800,117.1,5400,21600,23851800
ABCAPITAL-I.NFO,12/09/2022,12:07:10,117,116.9,16200,117.1,10800,0,23851800
ABCAPITAL-I.NFO,12/09/2022,12:07:28,117,116.9,5400,117.1,16200,0,23851800
ABCAPITAL-I.NFO,12/09/2022,12:07:45,117.1,116.95,16200,117.15,16200,10800,23851800
ABCAPITAL-I.NFO,12/09/2022,12:08:00,117.1,116.95,16200,117.15,16200,0,23851800
ABCAPITAL-I.NFO,12/09/2022,12:08:17,117,116.9,21600,117.1,5400,5400,23851800
ABCAPITAL-I.NFO,12/09/2022,12:08:34,117,116.9,21600,117.1,5400,0,23851800
ABCAPITAL-I.NFO,12/09/2022,12:08:51,117.2,117.1,16200,117.25,10800,27000,23851800
ABCAPITAL-I.NFO,12/09/2022,12:09:05,117.25,117.1,16200,117.25,5400,16200,23851800
ABCAPITAL-I.NFO,12/09/2022,12:09:22,117.2,117.15,16200,117.3,16200,5400,23889600
ABCAPITAL-I.NFO,12/09/2022,12:09:53,117.2,117.15,16200,117.3,16200,0,23889600
ABCAPITAL-I.NFO,12/09/2022,12:10:24,117.2,117.15,21600,117.3,16200,0,23889600
ABCAPITAL-I.NFO,12/09/2022,12:11:09,117.45,117.3,16200,117.5,16200,54000,23889600
ABCAPITAL-I.NFO,12/09/2022,12:11:09,117.45,117.3,16200,117.5,16200,0,23889600
ABCAPITAL-I.NFO,12/09/2022,12:11:35,117.45,117.2,16200,117.4,5400,32400,23889600
ABCAPITAL-I.NFO,12/09/2022,12:11:55,117.45,117.25,5400,117.45,5400,0,23889600
ABCAPITAL-I.NFO,12/09/2022,12:12:14,117.45,117.25,10800,117.45,5400,0,23889600
ABCAPITAL-I.NFO,12/09/2022,12:12:32,117.6,117.55,5400,117.65,5400,151200,23949000
ABCAPITAL-I.NFO,12/09/2022,12:12:32,117.6,117.55,5400,117.65,5400,0,23949000
ABCAPITAL-I.NFO,12/09/2022,12:12:51,117.55,117.45,5400,117.65,5400,21600,23949000
ABCAPITAL-I.NFO,12/09/2022,12:13:09,117.55,117.45,5400,117.6,5400,0,23949000
ABCAPITAL-I.NFO,12/09/2022,12:13:28,117.55,117.4,5400,117.55,5400,0,23949000
ABCAPITAL-I.NFO,12/09/2022,12:13:45,117.55,117.35,16200,117.55,5400,0,23949000
ABCAPITAL-I.NFO,12/09/2022,12:14:03,117.55,117.4,16200,117.6,5400,5400,23949000
ABCAPITAL-I.NFO,12/09/2022,12:14:19,117.55,117.45,10800,117.65,5400,10800,23949000
ABCAPITAL-I.NFO,12/09/2022,12:14:36,117.55,117.45,5400,117.65,5400,10800,23949000
ABCAPITAL-I.NFO,12/09/2022,12:14:53,117.55,117.45,5400,117.65,5400,0,23949000
ABCAPITAL-I.NFO,12/09/2022,12:15:42,117.75,117.5,10800,117.75,16200,21600,24111000
ABCAPITAL-I.NFO,12/09/2022,12:15:42,117.75,117.5,10800,117.75,16200,0,24111000
ABCAPITAL-I.NFO,12/09/2022,12:16:05,117.75,117.65,5400,117.8,37800,5400,24111000
ABCAPITAL-I.NFO,12/09/2022,12:16:24,117.75,117.65,5400,117.8,37800,0,24111000
ABCAPITAL-I.NFO,12/09/2022,12:16:41,117.55,117.5,10800,117.75,5400,10800,24111000
ABCAPITAL-I.NFO,12/09/2022,12:17:08,117.55,117.55,5400,117.7,5400,0,24111000
ABCAPITAL-I.NFO,12/09/2022,12:17:35,117.55,117.5,5400,117.7,5400,5400,24111000
ABCAPITAL-I.NFO,12/09/2022,12:17:58,117.55,117.5,5400,117.7,5400,0,24111000
ABCAPITAL-I.NFO,12/09/2022,12:18:50,117.55,117.5,10800,117.7,5400,0,24111000
ABCAPITAL-I.NFO,12/09/2022,12:19:09,117.7,117.55,5400,117.7,5400,27000,24116400
ABCAPITAL-I.NFO,12/09/2022,12:19:29,117.7,117.55,5400,117.7,10800,0,24116400
ABCAPITAL-I.NFO,12/09/2022,12:19:48,117.7,117.6,5400,117.7,5400,10800,24116400
ABCAPITAL-I.NFO,12/09/2022,12:20:06,117.7,117.6,5400,117.7,5400,0,24116400
ABCAPITAL-I.NFO,12/09/2022,12:20:34,117.7,117.6,10800,117.7,5400,0,24116400
ABCAPITAL-I.NFO,12/09/2022,12:21:00,117.6,117.5,5400,117.65,5400,10800,24116400
ABCAPITAL-I.NFO,12/09/2022,12:21:27,117.6,117.5,5400,117.65,10800,0,24116400
ABCAPITAL-I.NFO,12/09/2022,12:21:52,117.6,117.5,5400,117.6,5400,0,24116400
ABCAPITAL-I.NFO,12/09/2022,12:22:41,117.5,117.45,5400,117.55,5400,5400,24154200
ABCAPITAL-I.NFO,12/09/2022,12:23:09,117.85,117.65,16200,117.9,21600,70200,24154200
ABCAPITAL-I.NFO,12/09/2022,12:23:09,117.85,117.65,16200,117.9,21600,0,24154200
ABCAPITAL-I.NFO,12/09/2022,12:23:30,117.9,117.85,5400,117.95,10800,32400,24154200
ABCAPITAL-I.NFO,12/09/2022,12:23:30,117.9,117.85,5400,117.95,10800,0,24154200
ABCAPITAL-I.NFO,12/09/2022,12:23:50,118.15,118,5400,118.15,10800,124200,24154200
ABCAPITAL-I.NFO,12/09/2022,12:23:50,118.15,118,5400,118.15,10800,0,24154200
ABCAPITAL-I.NFO,12/09/2022,12:24:16,118.05,118,5400,118.15,5400,54000,24121800
ABCAPITAL-I.NFO,12/09/2022,12:24:42,118,117.95,5400,118.1,10800,5400,24121800
ABCAPITAL-I.NFO,12/09/2022,12:25:02,118,117.75,10800,117.9,5400,21600,24121800
ABCAPITAL-I.NFO,12/09/2022,12:25:25,117.8,117.75,10800,117.9,5400,5400,24121800
ABCAPITAL-I.NFO,12/09/2022,12:25:51,117.8,117.75,10800,117.9,5400,0,24121800
ABCAPITAL-I.NFO,12/09/2022,12:26:13,117.8,117.75,10800,117.85,5400,5400,24121800
ABCAPITAL-I.NFO,12/09/2022,12:26:34,117.75,117.75,5400,117.95,10800,21600,24121800
ABCAPITAL-I.NFO,12/09/2022,12:26:53,117.75,117.65,16200,117.8,5400,5400,24121800
ABCAPITAL-I.NFO,12/09/2022,12:27:14,117.8,117.75,5400,117.9,5400,5400,24121800
ABCAPITAL-I.NFO,12/09/2022,12:27:33,117.9,117.8,5400,117.9,5400,5400,24143400
ABCAPITAL-I.NFO,12/09/2022,12:27:52,117.9,117.8,5400,117.95,5400,21600,24143400
ABCAPITAL-I.NFO,12/09/2022,12:28:11,117.9,117.8,5400,117.95,5400,0,24143400
ABCAPITAL-I.NFO,12/09/2022,12:28:29,117.9,117.8,5400,117.9,5400,0,24143400
ABCAPITAL-I.NFO,12/09/2022,12:29:03,117.9,117.75,10800,117.9,5400,0,24143400
ABCAPITAL-I.NFO,12/09/2022,12:29:19,117.95,117.9,5400,118,16200,10800,24143400
ABCAPITAL-I.NFO,12/09/2022,12:29:35,117.95,117.85,5400,118,16200,0,24143400
ABCAPITAL-I.NFO,12/09/2022,12:29:52,117.95,117.8,10800,117.95,5400,5400,24143400
ABCAPITAL-I.NFO,12/09/2022,12:30:16,117.95,117.85,5400,117.95,5400,0,24143400
ABCAPITAL-I.NFO,12/09/2022,12:30:41,117.95,117.8,10800,117.95,5400,0,24143400
ABCAPITAL-I.NFO,12/09/2022,12:32:18,117.75,117.8,5400,117.95,5400,10800,24148800
ABCAPITAL-I.NFO,12/09/2022,12:32:38,117.8,117.7,5400,117.9,5400,5400,24148800
ABCAPITAL-I.NFO,12/09/2022,12:32:57,117.7,117.6,10800,117.85,5400,10800,24148800
ABCAPITAL-I.NFO,12/09/2022,12:33:16,117.7,117.55,5400,117.7,5400,0,24148800
ABCAPITAL-I.NFO,12/09/2022,12:33:36,117.7,117.55,5400,117.75,10800,5400,24148800
ABCAPITAL-I.NFO,12/09/2022,12:33:53,117.5,117.5,5400,117.7,10800,10800,24148800
ABCAPITAL-I.NFO,12/09/2022,12:34:10,117.5,117.5,5400,117.65,5400,0,24148800
ABCAPITAL-I.NFO,12/09/2022,12:34:27,117.55,117.5,10800,117.6,5400,5400,24148800
ABCAPITAL-I.NFO,12/09/2022,12:34:43,117.6,117.55,16200,117.65,5400,5400,24148800
ABCAPITAL-I.NFO,12/09/2022,12:34:59,117.6,117.55,16200,117.65,5400,0,24148800
ABCAPITAL-I.NFO,12/09/2022,12:35:38,117.6,117.55,10800,117.65,5400,5400,24148800
ABCAPITAL-I.NFO,12/09/2022,12:36:04,117.9,117.75,27000,117.95,16200,16200,24148800
ABCAPITAL-I.NFO,12/09/2022,12:36:25,117.9,117.75,37800,117.95,5400,0,24148800
ABCAPITAL-I.NFO,12/09/2022,12:36:44,117.9,117.75,37800,117.9,5400,0,24148800
ABCAPITAL-I.NFO,12/09/2022,12:37:03,117.9,117.75,37800,117.9,10800,0,24148800
ABCAPITAL-I.NFO,12/09/2022,12:37:38,117.9,117.8,21600,117.9,10800,0,24148800
ABCAPITAL-I.NFO,12/09/2022,12:38:12,117.8,117.7,5400,117.85,16200,21600,24148800
ABCAPITAL-I.NFO,12/09/2022,12:38:32,117.7,117.6,10800,117.8,16200,5400,24148800
ABCAPITAL-I.NFO,12/09/2022,12:38:59,117.7,117.6,16200,117.8,5400,0,24148800
ABCAPITAL-I.NFO,12/09/2022,12:39:28,117.8,117.65,5400,117.85,16200,10800,24170400
ABCAPITAL-I.NFO,12/09/2022,12:39:49,117.8,117.65,5400,117.85,16200,0,24170400
ABCAPITAL-I.NFO,12/09/2022,12:40:14,117.8,117.65,16200,117.8,5400,0,24170400
ABCAPITAL-I.NFO,12/09/2022,12:41:30,117.8,117.65,10800,117.8,16200,0,24170400
ABCAPITAL-I.NFO,12/09/2022,12:41:54,117.75,117.65,10800,117.8,10800,5400,24170400
ABCAPITAL-I.NFO,12/09/2022,12:42:14,117.75,117.75,10800,117.8,10800,0,24170400
ABCAPITAL-I.NFO,12/09/2022,12:42:52,117.75,117.75,10800,117.8,5400,0,24170400
ABCAPITAL-I.NFO,12/09/2022,12:43:10,117.75,117.65,16200,117.8,5400,0,24170400
ABCAPITAL-I.NFO,12/09/2022,12:43:45,117.85,117.7,5400,117.9,10800,10800,24181200
ABCAPITAL-I.NFO,12/09/2022,12:43:59,117.85,117.7,5400,117.9,10800,0,24181200
ABCAPITAL-I.NFO,12/09/2022,12:44:13,117.65,117.7,5400,117.85,10800,16200,24181200
ABCAPITAL-I.NFO,12/09/2022,12:44:34,117.65,117.75,5400,117.8,5400,0,24181200
ABCAPITAL-I.NFO,12/09/2022,12:44:58,117.85,117.7,21600,117.9,5400,21600,24181200
ABCAPITAL-I.NFO,12/09/2022,12:45:18,117.85,117.7,10800,117.85,5400,0,24181200
ABCAPITAL-I.NFO,12/09/2022,12:45:40,117.85,117.7,5400,117.85,5400,0,24181200
ABCAPITAL-I.NFO,12/09/2022,12:46:07,117.85,117.75,5400,117.9,5400,0,24181200
ABCAPITAL-I.NFO,12/09/2022,12:46:29,117.9,117.8,5400,117.95,10800,5400,24202800
ABCAPITAL-I.NFO,12/09/2022,12:46:47,117.9,117.75,16200,117.95,10800,0,24202800
ABCAPITAL-I.NFO,12/09/2022,12:47:03,117.9,117.8,5400,117.9,5400,0,24202800
ABCAPITAL-I.NFO,12/09/2022,12:47:28,117.8,117.75,5400,117.9,5400,5400,24202800
ABCAPITAL-I.NFO,12/09/2022,12:47:52,117.7,117.65,5400,117.8,5400,5400,24202800
ABCAPITAL-I.NFO,12/09/2022,12:48:11,117.7,117.65,5400,117.8,5400,0,24202800
ABCAPITAL-I.NFO,12/09/2022,12:49:02,117.7,117.6,10800,117.8,10800,0,24202800
ABCAPITAL-I.NFO,12/09/2022,12:49:27,117.7,117.55,5400,117.7,5400,0,24202800
ABCAPITAL-I.NFO,12/09/2022,12:49:51,117.7,117.5,27000,117.7,5400,0,24202800
ABCAPITAL-I.NFO,12/09/2022,12:50:12,117.5,117.5,5400,117.65,5400,16200,24213600
ABCAPITAL-I.NFO,12/09/2022,12:50:31,117.45,117.45,10800,117.6,5400,5400,24213600
ABCAPITAL-I.NFO,12/09/2022,12:50:49,117.6,117.45,10800,117.65,5400,10800,24213600
ABCAPITAL-I.NFO,12/09/2022,12:51:05,117.6,117.45,10800,117.65,5400,0,24213600
ABCAPITAL-I.NFO,12/09/2022,12:51:39,117.6,117.5,10800,117.7,10800,0,24213600
ABCAPITAL-I.NFO,12/09/2022,12:52:02,117.6,117.4,5400,117.6,5400,5400,24165000
ABCAPITAL-I.NFO,12/09/2022,12:52:22,117.6,117.35,10800,117.5,5400,0,24165000
ABCAPITAL-I.NFO,12/09/2022,12:52:38,117.5,117.4,5400,117.6,5400,5400,24165000
ABCAPITAL-I.NFO,12/09/2022,12:52:56,117.5,117.45,5400,117.55,5400,0,24165000
ABCAPITAL-I.NFO,12/09/2022,12:53:18,117.5,117.4,5400,117.55,5400,0,24165000
ABCAPITAL-I.NFO,12/09/2022,12:53:54,117.5,117.35,10800,117.5,5400,0,24165000
ABCAPITAL-I.NFO,12/09/2022,12:55:11,117.5,117.35,21600,117.5,5400,0,24165000
ABCAPITAL-I.NFO,12/09/2022,12:55:27,117.5,117.45,5400,117.6,5400,10800,24170400
ABCAPITAL-I.NFO,12/09/2022,12:55:41,117.5,117.45,10800,117.6,5400,0,24170400
ABCAPITAL-I.NFO,12/09/2022,12:55:55,117.8,117.55,21600,117.8,10800,16200,24170400
ABCAPITAL-I.NFO,12/09/2022,12:56:09,117.9,117.75,10800,117.95,10800,10800,24170400
ABCAPITAL-I.NFO,12/09/2022,12:56:24,117.95,117.75,10800,117.95,5400,16200,24170400
ABCAPITAL-I.NFO,12/09/2022,12:56:40,117.95,117.75,5400,117.95,10800,0,24170400
ABCAPITAL-I.NFO,12/09/2022,12:56:54,117.95,117.75,10800,117.95,10800,0,24170400
ABCAPITAL-I.NFO,12/09/2022,12:57:08,117.95,117.8,5400,117.95,5400,16200,24186600
ABCAPITAL-I.NFO,12/09/2022,12:57:23,117.85,117.8,5400,117.95,16200,5400,24186600
ABCAPITAL-I.NFO,12/09/2022,12:57:39,117.8,117.75,5400,117.9,5400,5400,24186600
ABCAPITAL-I.NFO,12/09/2022,12:58:01,117.8,117.7,5400,117.9,5400,0,24186600
ABCAPITAL-I.NFO,12/09/2022,12:58:15,117.8,117.75,10800,117.95,5400,0,24186600
ABCAPITAL-I.NFO,12/09/2022,12:58:29,117.9,117.8,5400,117.9,5400,5400,24186600
ABCAPITAL-I.NFO,12/09/2022,12:58:50,118.15,118.05,5400,118.2,21600,75600,24186600
ABCAPITAL-I.NFO,12/09/2022,12:59:12,118.15,117.95,10800,118.2,21600,16200,24186600
ABCAPITAL-I.NFO,12/09/2022,12:59:33,118.1,118.1,10800,118.2,21600,5400,24186600
ABCAPITAL-I.NFO,12/09/2022,12:59:50,118.2,118.15,5400,118.2,16200,10800,24186600
ABCAPITAL-I.NFO,12/09/2022,12:59:50,118.2,118.15,5400,118.2,16200,0,24186600
ABCAPITAL-I.NFO,12/09/2022,13:00:07,118.3,118.25,5400,118.35,5400,64800,24235200
ABCAPITAL-I.NFO,12/09/2022,13:00:07,118.3,118.25,5400,118.35,5400,0,24235200
ABCAPITAL-I.NFO,12/09/2022,13:00:27,118.45,118.25,5400,118.45,16200,70200,24235200
ABCAPITAL-I.NFO,12/09/2022,13:00:27,118.5,118.25,5400,118.45,16200,0,24235200
ABCAPITAL-I.NFO,12/09/2022,13:00:47,118.6,118.5,16200,118.65,32400,54000,24235200
ABCAPITAL-I.NFO,12/09/2022,13:00:47,118.6,118.5,16200,118.65,32400,0,24235200
ABCAPITAL-I.NFO,12/09/2022,13:01:03,118.6,118.55,5400,118.7,10800,86400,24235200
ABCAPITAL-I.NFO,12/09/2022,13:01:03,118.7,118.55,5400,118.7,10800,0,24235200
ABCAPITAL-I.NFO,12/09/2022,13:01:18,118.6,118.5,16200,118.7,5400,48600,24235200
ABCAPITAL-I.NFO,12/09/2022,13:01:18,118.75,118.5,16200,118.7,5400,0,24235200
ABCAPITAL-I.NFO,12/09/2022,13:01:33,118.6,118.55,5400,118.65,5400,54000,24235200
ABCAPITAL-I.NFO,12/09/2022,13:01:33,118.8,118.55,5400,118.65,5400,0,24235200
ABCAPITAL-I.NFO,12/09/2022,13:01:49,118.6,118.5,16200,118.7,10800,43200,24235200
ABCAPITAL-I.NFO,12/09/2022,13:02:10,118.3,118.3,5400,118.5,10800,54000,24235200
ABCAPITAL-I.NFO,12/09/2022,13:02:26,118.55,118.4,5400,118.6,43200,91800,24235200
ABCAPITAL-I.NFO,12/09/2022,13:02:43,118.6,118.6,5400,118.7,5400,43200,24235200
ABCAPITAL-I.NFO,12/09/2022,13:02:58,118.6,118.6,5400,118.8,37800,21600,24235200
ABCAPITAL-I.NFO,12/09/2022,13:03:12,118.75,118.7,5400,118.8,27000,48600,24316200
ABCAPITAL-I.NFO,12/09/2022,13:03:13,118.75,118.7,5400,118.8,27000,0,24316200
ABCAPITAL-I.NFO,12/09/2022,13:03:13,118.75,118.7,10800,118.8,27000,0,24316200
ABCAPITAL-I.NFO,12/09/2022,13:03:14,118.7,118.7,10800,118.8,21600,10800,24316200
ABCAPITAL-I.NFO,12/09/2022,13:03:15,118.85,118.75,16200,118.9,27000,37800,24316200
ABCAPITAL-I.NFO,12/09/2022,13:03:15,118.85,118.75,16200,118.9,27000,0,24316200
ABCAPITAL-I.NFO,12/09/2022,13:03:16,118.85,118.75,16200,118.9,27000,0,24316200
ABCAPITAL-I.NFO,12/09/2022,13:03:17,118.75,118.75,5400,118.9,27000,10800,24316200
ABCAPITAL-I.NFO,12/09/2022,13:03:18,118.8,118.75,10800,118.9,27000,5400,24316200
ABCAPITAL-I.NFO,12/09/2022,13:03:19,118.75,118.75,5400,118.9,27000,5400,24316200
ABCAPITAL-I.NFO,12/09/2022,13:03:20,118.75,118.65,10800,118.85,5400,0,24316200
ABCAPITAL-I.NFO,12/09/2022,13:03:21,118.75,118.65,10800,118.85,16200,0,24316200
ABCAPITAL-I.NFO,12/09/2022,13:03:24,118.7,118.65,5400,118.85,5400,5400,24316200
ABCAPITAL-I.NFO,12/09/2022,13:03:25,118.85,118.65,5400,118.85,16200,5400,24316200
ABCAPITAL-I.NFO,12/09/2022,13:03:26,118.85,118.6,16200,118.85,5400,0,24316200
ABCAPITAL-I.NFO,12/09/2022,13:03:26,118.85,118.6,10800,118.85,16200,0,24316200
ABCAPITAL-I.NFO,12/09/2022,13:03:27,118.85,118.6,5400,118.8,16200,5400,24316200
ABCAPITAL-I.NFO,12/09/2022,13:03:28,118.85,118.6,5400,118.8,5400,0,24316200
ABCAPITAL-I.NFO,12/09/2022,13:03:29,118.8,118.55,5400,118.8,5400,5400,24316200
ABCAPITAL-I.NFO,12/09/2022,13:03:30,118.8,118.55,5400,118.8,5400,0,24316200
ABCAPITAL-I.NFO,12/09/2022,13:03:31,118.8,118.6,5400,118.8,5400,0,24316200
ABCAPITAL-I.NFO,12/09/2022,13:03:32,118.8,118.65,5400,118.8,5400,0,24316200
ABCAPITAL-I.NFO,12/09/2022,13:03:34,118.8,118.65,10800,118.8,5400,0,24316200
ABCAPITAL-I.NFO,12/09/2022,13:03:38,118.8,118.7,5400,118.9,32400,5400,24316200
ABCAPITAL-I.NFO,12/09/2022,13:03:39,118.9,118.7,10800,118.9,27000,5400,24316200
ABCAPITAL-I.NFO,12/09/2022,13:03:39,118.9,118.7,10800,118.9,27000,0,24316200
ABCAPITAL-I.NFO,12/09/2022,13:03:40,118.9,118.7,10800,118.9,21600,0,24316200
ABCAPITAL-I.NFO,12/09/2022,13:03:42,118.8,118.75,5400,118.9,21600,27000,24316200
ABCAPITAL-I.NFO,12/09/2022,13:03:42,118.9,118.75,5400,118.9,16200,5400,24316200
ABCAPITAL-I.NFO,12/09/2022,13:03:44,118.9,118.8,5400,118.9,16200,0,24316200
ABCAPITAL-I.NFO,12/09/2022,13:03:46,118.9,118.8,10800,118.9,16200,0,24316200
ABCAPITAL-I.NFO,12/09/2022,13:03:47,118.9,118.8,10800,118.95,16200,16200,24316200
ABCAPITAL-I.NFO,12/09/2022,13:03:48,118.9,118.8,16200,118.95,16200,0,24316200
ABCAPITAL-I.NFO,12/09/2022,13:03:50,118.8,118.8,10800,118.95,16200,5400,24316200
ABCAPITAL-I.NFO,12/09/2022,13:03:51,118.8,118.8,10800,118.95,16200,0,24316200
ABCAPITAL-I.NFO,12/09/2022,13:03:57,118.8,118.8,16200,118.95,16200,0,24316200
ABCAPITAL-I.NFO,12/09/2022,13:03:58,118.8,118.8,21600,118.95,16200,0,24316200
ABCAPITAL-I.NFO,12/09/2022,13:04:01,118.9,118.8,21600,118.95,16200,5400,24316200
ABCAPITAL-I.NFO,12/09/2022,13:04:02,118.8,118.8,86400,118.95,16200,16200,24316200
ABCAPITAL-I.NFO,12/09/2022,13:04:03,118.8,118.8,86400,118.95,16200,0,24316200
ABCAPITAL-I.NFO,12/09/2022,13:04:06,118.95,118.8,81000,119,64800,21600,24316200
ABCAPITAL-I.NFO,12/09/2022,13:04:06,118.95,118.8,81000,119,64800,0,24316200
ABCAPITAL-I.NFO,12/09/2022,13:04:07,119,118.85,97200,119,59400,10800,24316200
ABCAPITAL-I.NFO,12/09/2022,13:04:07,119,118.85,97200,119,59400,0,24316200
ABCAPITAL-I.NFO,12/09/2022,13:04:08,119,118.85,97200,119,64800,0,24316200
ABCAPITAL-I.NFO,12/09/2022,13:04:09,119,118.9,75600,119,64800,0,24316200
ABCAPITAL-I.NFO,12/09/2022,13:04:10,119,118.95,5400,119,64800,0,24316200
ABCAPITAL-I.NFO,12/09/2022,13:04:11,118.95,118.85,5400,119,64800,5400,24316200
ABCAPITAL-I.NFO,12/09/2022,13:04:12,119,118.85,5400,119,59400,5400,24316200
ABCAPITAL-I.NFO,12/09/2022,13:04:13,119,118.85,5400,119,59400,0,24316200
ABCAPITAL-I.NFO,12/09/2022,13:04:16,119,118.85,5400,118.95,5400,0,24316200
ABCAPITAL-I.NFO,12/09/2022,13:04:19,118.85,118.75,16200,118.95,16200,5400,24316200
ABCAPITAL-I.NFO,12/09/2022,13:04:20,118.85,118.75,16200,118.95,16200,0,24316200
ABCAPITAL-I.NFO,12/09/2022,13:04:21,118.85,118.75,16200,118.9,16200,0,24316200
ABCAPITAL-I.NFO,12/09/2022,13:04:28,118.75,118.75,5400,118.9,10800,5400,24316200
ABCAPITAL-I.NFO,12/09/2022,13:04:29,118.75,118.9,16200,118.95,5400,0,24316200
ABCAPITAL-I.NFO,12/09/2022,13:04:31,118.9,118.9,10800,118.95,16200,5400,24316200
ABCAPITAL-I.NFO,12/09/2022,13:04:32,118.9,118.9,10800,118.95,5400,0,24316200
ABCAPITAL-I.NFO,12/09/2022,13:04:34,118.95,118.9,54000,119.1,32400,86400,24316200
ABCAPITAL-I.NFO,12/09/2022,13:04:35,118.95,118.95,10800,119.15,10800,0,24316200
ABCAPITAL-I.NFO,12/09/2022,13:04:36,118.95,118.95,5400,119.15,10800,0,24316200
ABCAPITAL-I.NFO,12/09/2022,13:04:37,119,118.95,10800,119.2,16200,27000,24316200
ABCAPITAL-I.NFO,12/09/2022,13:04:37,119.2,118.95,10800,119.2,16200,0,24316200
ABCAPITAL-I.NFO,12/09/2022,13:04:38,119,119,5400,119.2,5400,10800,24316200
ABCAPITAL-I.NFO,12/09/2022,13:04:40,119,119,16200,119.25,21600,0,24316200
ABCAPITAL-I.NFO,12/09/2022,13:04:42,119.2,119,16200,119.25,16200,32400,24316200
ABCAPITAL-I.NFO,12/09/2022,13:04:44,119.05,119,16200,119.2,16200,5400,24316200
ABCAPITAL-I.NFO,12/09/2022,13:04:45,119.05,119,21600,119.2,5400,0,24316200
ABCAPITAL-I.NFO,12/09/2022,13:04:46,119.05,119,21600,119.2,16200,0,24316200
ABCAPITAL-I.NFO,12/09/2022,13:04:47,119.05,119,21600,119.2,10800,5400,24316200
ABCAPITAL-I.NFO,12/09/2022,13:04:48,119.05,119,21600,119.15,5400,0,24316200
ABCAPITAL-I.NFO,12/09/2022,13:04:49,119.05,119,21600,119.15,5400,5400,24316200
ABCAPITAL-I.NFO,12/09/2022,13:04:50,119.05,119,16200,119.15,5400,5400,24316200
ABCAPITAL-I.NFO,12/09/2022,13:04:51,119.05,119,16200,119.15,16200,0,24316200
ABCAPITAL-I.NFO,12/09/2022,13:04:52,118.95,118.8,5400,119.1,16200,21600,24316200
ABCAPITAL-I.NFO,12/09/2022,13:04:53,118.95,118.8,5400,119.1,16200,0,24316200
ABCAPITAL-I.NFO,12/09/2022,13:04:55,118.95,118.8,5400,119.05,16200,0,24316200
ABCAPITAL-I.NFO,12/09/2022,13:05:01,119.05,118.85,5400,119.1,16200,5400,24316200
ABCAPITAL-I.NFO,12/09/2022,13:05:02,119.05,118.85,5400,119.1,16200,0,24316200
ABCAPITAL-I.NFO,12/09/2022,13:05:06,119.05,118.85,5400,119.25,16200,0,24316200
ABCAPITAL-I.NFO,12/09/2022,13:05:07,119.05,118.85,5400,119.2,16200,0,24316200
ABCAPITAL-I.NFO,12/09/2022,13:05:09,118.85,118.75,10800,119.1,10800,5400,24316200
ABCAPITAL-I.NFO,12/09/2022,13:05:10,118.85,118.75,5400,119.05,10800,0,24316200
ABCAPITAL-I.NFO,12/09/2022,13:05:27,118.85,118.65,10800,119,16200,0,24316200
ABCAPITAL-I.NFO,12/09/2022,13:05:43,118.65,118.75,5400,118.95,10800,5400,24316200
ABCAPITAL-I.NFO,12/09/2022,13:06:04,118.95,118.75,5400,118.9,5400,27000,24316200
ABCAPITAL-I.NFO,12/09/2022,13:06:26,118.75,118.75,10800,118.9,5400,16200,24343200
ABCAPITAL-I.NFO,12/09/2022,13:06:41,119.2,119,5400,119.15,5400,70200,24343200
ABCAPITAL-I.NFO,12/09/2022,13:06:55,119.3,119,10800,119.2,5400,113400,24343200
ABCAPITAL-I.NFO,12/09/2022,13:06:55,119.3,119,10800,119.2,5400,0,24343200
ABCAPITAL-I.NFO,12/09/2022,13:07:08,119.15,118.9,5400,119.1,5400,16200,24343200
ABCAPITAL-I.NFO,12/09/2022,13:07:12,119.15,118.95,5400,119.1,5400,0,24343200
ABCAPITAL-I.NFO,12/09/2022,13:07:16,118.95,118.9,5400,118.95,16200,10800,24343200
ABCAPITAL-I.NFO,12/09/2022,13:07:16,118.95,118.9,5400,119.1,21600,0,24343200
ABCAPITAL-I.NFO,12/09/2022,13:07:17,118.95,118.9,5400,119.1,16200,0,24343200
ABCAPITAL-I.NFO,12/09/2022,13:07:18,118.95,118.9,5400,119.1,32400,0,24343200
ABCAPITAL-I.NFO,12/09/2022,13:07:25,118.85,118.8,5400,119,21600,10800,24343200
ABCAPITAL-I.NFO,12/09/2022,13:07:26,118.85,118.8,5400,119,37800,0,24343200
ABCAPITAL-I.NFO,12/09/2022,13:07:27,118.7,118.65,5400,118.9,5400,59400,24343200
ABCAPITAL-I.NFO,12/09/2022,13:07:28,118.7,118.65,10800,118.9,5400,0,24343200
ABCAPITAL-I.NFO,12/09/2022,13:07:29,118.9,118.65,16200,118.9,16200,5400,24343200
ABCAPITAL-I.NFO,12/09/2022,13:07:30,118.9,118.7,5400,118.9,16200,0,24343200
ABCAPITAL-I.NFO,12/09/2022,13:07:32,118.8,118.65,10800,118.9,10800,5400,24343200
ABCAPITAL-I.NFO,12/09/2022,13:07:33,118.8,118.65,10800,118.9,5400,0,24343200
ABCAPITAL-I.NFO,12/09/2022,13:07:33,118.8,118.65,10800,118.95,5400,0,24343200
ABCAPITAL-I.NFO,12/09/2022,13:07:34,118.8,118.65,10800,118.95,16200,0,24343200
ABCAPITAL-I.NFO,12/09/2022,13:07:35,118.8,118.65,5400,118.95,16200,0,24343200
ABCAPITAL-I.NFO,12/09/2022,13:07:38,118.8,118.65,10800,118.95,16200,0,24343200
ABCAPITAL-I.NFO,12/09/2022,13:07:39,118.8,118.65,5400,118.95,16200,0,24343200
ABCAPITAL-I.NFO,12/09/2022,13:07:40,118.8,118.65,10800,118.95,16200,0,24343200
ABCAPITAL-I.NFO,12/09/2022,13:07:42,118.8,118.7,5400,118.95,10800,0,24343200
ABCAPITAL-I.NFO,12/09/2022,13:07:43,118.8,118.7,10800,118.95,16200,0,24343200
ABCAPITAL-I.NFO,12/09/2022,13:07:46,118.8,118.75,5400,118.95,16200,0,24343200
ABCAPITAL-I.NFO,12/09/2022,13:07:47,118.8,118.75,10800,118.95,16200,0,24343200
ABCAPITAL-I.NFO,12/09/2022,13:07:50,118.8,118.75,10800,119,16200,0,24343200
ABCAPITAL-I.NFO,12/09/2022,13:07:51,118.8,118.8,5400,119,16200,0,24343200
ABCAPITAL-I.NFO,12/09/2022,13:07:51,118.8,118.75,16200,119,16200,0,24343200
ABCAPITAL-I.NFO,12/09/2022,13:07:55,119,118.8,5400,119.05,16200,16200,24343200
ABCAPITAL-I.NFO,12/09/2022,13:07:56,119,118.8,5400,119.05,16200,0,24343200
ABCAPITAL-I.NFO,12/09/2022,13:07:57,119,118.85,5400,119.05,16200,0,24343200
ABCAPITAL-I.NFO,12/09/2022,13:07:58,119,118.85,5400,119,5400,0,24343200
ABCAPITAL-I.NFO,12/09/2022,13:07:59,118.85,118.8,5400,119,5400,27000,24343200
ABCAPITAL-I.NFO,12/09/2022,13:08:00,119,118.8,10800,119.05,5400,5400,24343200
ABCAPITAL-I.NFO,12/09/2022,13:08:01,119,118.8,10800,119.05,5400,0,24343200
ABCAPITAL-I.NFO,12/09/2022,13:08:02,119,118.8,10800,119.05,16200,0,24343200
ABCAPITAL-I.NFO,12/09/2022,13:08:02,119,118.8,16200,119.1,5400,0,24343200
ABCAPITAL-I.NFO,12/09/2022,13:08:03,119.1,118.95,5400,119.2,16200,5400,24343200
ABCAPITAL-I.NFO,12/09/2022,13:08:04,119.1,118.95,5400,119.2,16200,0,24343200
ABCAPITAL-I.NFO,12/09/2022,13:08:05,119.1,119,5400,119.2,16200,0,24343200
ABCAPITAL-I.NFO,12/09/2022,13:08:06,119,118.95,5400,119.2,21600,10800,24343200
ABCAPITAL-I.NFO,12/09/2022,13:08:07,119,118.95,5400,119.15,16200,0,24343200
ABCAPITAL-I.NFO,12/09/2022,13:08:08,119,118.95,10800,119.2,21600,0,24343200
ABCAPITAL-I.NFO,12/09/2022,13:08:09,119.2,119,5400,119.25,16200,5400,24343200
ABCAPITAL-I.NFO,12/09/2022,13:08:10,119.2,119,5400,119.25,10800,0,24343200
ABCAPITAL-I.NFO,12/09/2022,13:08:11,119.2,119,5400,119.25,21600,0,24343200
ABCAPITAL-I.NFO,12/09/2022,13:08:16,119.2,119.1,5400,119.2,5400,0,24343200
ABCAPITAL-I.NFO,12/09/2022,13:08:19,119.2,119.1,5400,119.2,16200,0,24343200
ABCAPITAL-I.NFO,12/09/2022,13:08:26,119.2,119,5400,119.25,16200,21600,24343200
ABCAPITAL-I.NFO,12/09/2022,13:08:28,119.3,119.05,16200,119.3,43200,27000,24343200
ABCAPITAL-I.NFO,12/09/2022,13:08:29,119.3,119.15,10800,119.3,37800,5400,24343200
ABCAPITAL-I.NFO,12/09/2022,13:08:29,119.3,119.15,10800,119.3,37800,0,24343200
ABCAPITAL-I.NFO,12/09/2022,13:08:31,119.3,119.1,5400,119.3,32400,5400,24343200
ABCAPITAL-I.NFO,12/09/2022,13:08:31,119.3,119.1,5400,119.3,27000,0,24343200
ABCAPITAL-I.NFO,12/09/2022,13:08:33,119.3,119.15,5400,119.3,27000,0,24343200
ABCAPITAL-I.NFO,12/09/2022,13:08:35,119.3,119.1,5400,119.3,32400,0,24343200
ABCAPITAL-I.NFO,12/09/2022,13:08:36,119.3,119.05,16200,119.25,5400,0,24343200
ABCAPITAL-I.NFO,12/09/2022,13:08:37,119.3,119.1,10800,119.3,5400,27000,24343200
ABCAPITAL-I.NFO,12/09/2022,13:08:39,119.35,119.15,5400,119.35,5400,48600,24343200
ABCAPITAL-I.NFO,12/09/2022,13:08:39,119.35,119.15,5400,119.35,5400,0,24343200
ABCAPITAL-I.NFO,12/09/2022,13:08:39,119.55,119.2,5400,119.6,10800,70200,24343200
ABCAPITAL-I.NFO,12/09/2022,13:08:39,119.55,119.2,5400,119.6,10800,0,24343200
ABCAPITAL-I.NFO,12/09/2022,13:08:40,119.7,119.35,5400,119.6,5400,64800,24343200
ABCAPITAL-I.NFO,12/09/2022,13:08:40,119.7,119.35,5400,119.6,5400,0,24343200
ABCAPITAL-I.NFO,12/09/2022,13:08:42,119.6,119.3,5400,119.75,10800,10800,24343200
ABCAPITAL-I.NFO,12/09/2022,13:08:43,119.75,119.45,5400,119.7,5400,21600,24343200
ABCAPITAL-I.NFO,12/09/2022,13:08:43,119.75,119.45,5400,119.7,5400,0,24343200
ABCAPITAL-I.NFO,12/09/2022,13:08:44,119.75,119.45,5400,119.7,5400,0,24343200
ABCAPITAL-I.NFO,12/09/2022,13:08:45,119.75,119.45,5400,119.75,5400,27000,24343200
ABCAPITAL-I.NFO,12/09/2022,13:08:45,119.8,119.45,5400,119.75,5400,0,24343200
ABCAPITAL-I.NFO,12/09/2022,13:08:46,119.7,119.7,5400,119.75,5400,21600,24343200
ABCAPITAL-I.NFO,12/09/2022,13:08:47,119.7,119.4,5400,119.7,27000,5400,24343200
ABCAPITAL-I.NFO,12/09/2022,13:08:48,119.4,119.35,5400,119.65,10800,10800,24343200
ABCAPITAL-I.NFO,12/09/2022,13:08:49,119.4,119.35,5400,119.6,5400,5400,24343200
ABCAPITAL-I.NFO,12/09/2022,13:08:50,119.5,119.35,5400,119.6,5400,5400,24343200
ABCAPITAL-I.NFO,12/09/2022,13:08:50,119.5,119.35,5400,119.6,5400,0,24343200
ABCAPITAL-I.NFO,12/09/2022,13:08:51,119.5,119.4,10800,119.6,5400,0,24343200
ABCAPITAL-I.NFO,12/09/2022,13:08:52,119.7,119.4,10800,119.7,5400,10800,24343200
ABCAPITAL-I.NFO,12/09/2022,13:08:53,119.75,119.5,5400,119.75,32400,10800,24343200
ABCAPITAL-I.NFO,12/09/2022,13:08:54,119.75,119.6,5400,119.7,5400,10800,24343200
ABCAPITAL-I.NFO,12/09/2022,13:08:57,119.75,119.6,5400,119.75,21600,21600,24343200
ABCAPITAL-I.NFO,12/09/2022,13:08:57,119.75,119.6,5400,119.75,16200,5400,24343200
ABCAPITAL-I.NFO,12/09/2022,13:08:59,119.75,119.6,5400,119.7,10800,0,24343200
ABCAPITAL-I.NFO,12/09/2022,13:09:00,119.6,119.5,5400,119.7,32400,5400,24343200
ABCAPITAL-I.NFO,12/09/2022,13:09:01,119.7,119.5,10800,119.6,5400,10800,24343200
ABCAPITAL-I.NFO,12/09/2022,13:09:01,119.7,119.5,10800,119.6,5400,0,24343200
ABCAPITAL-I.NFO,12/09/2022,13:09:02,119.7,119.5,10800,119.6,5400,10800,24343200
ABCAPITAL-I.NFO,12/09/2022,13:09:03,119.7,119.5,16200,119.7,32400,10800,24343200
ABCAPITAL-I.NFO,12/09/2022,13:09:04,119.7,119.5,16200,119.6,5400,0,24526800
ABCAPITAL-I.NFO,12/09/2022,13:09:05,119.6,119.5,10800,119.7,37800,5400,24526800
ABCAPITAL-I.NFO,12/09/2022,13:09:06,119.6,119.5,10800,119.65,10800,0,24526800
ABCAPITAL-I.NFO,12/09/2022,13:09:08,119.6,119.6,21600,119.65,10800,0,24526800
ABCAPITAL-I.NFO,12/09/2022,13:09:09,119.6,119.5,5400,119.6,27000,37800,24526800
ABCAPITAL-I.NFO,12/09/2022,13:09:10,119.6,119.5,5400,119.6,21600,5400,24526800
ABCAPITAL-I.NFO,12/09/2022,13:09:12,119.6,119.5,5400,119.6,21600,0,24526800
ABCAPITAL-I.NFO,12/09/2022,13:09:14,119.65,119.45,10800,119.65,10800,32400,24526800
ABCAPITAL-I.NFO,12/09/2022,13:09:15,119.4,119.5,5400,119.65,10800,5400,24526800
ABCAPITAL-I.NFO,12/09/2022,13:09:16,119.4,119.5,5400,119.6,10800,0,24526800
ABCAPITAL-I.NFO,12/09/2022,13:09:16,119.6,119.5,5400,119.6,5400,5400,24526800
ABCAPITAL-I.NFO,12/09/2022,13:09:18,119.65,119.5,5400,119.7,10800,16200,24526800
ABCAPITAL-I.NFO,12/09/2022,13:09:19,119.6,119.5,5400,119.7,16200,10800,24526800
ABCAPITAL-I.NFO,12/09/2022,13:09:19,119.6,119.5,16200,119.65,5400,5400,24526800
ABCAPITAL-I.NFO,12/09/2022,13:09:20,119.6,119.5,5400,119.65,5400,5400,24526800
ABCAPITAL-I.NFO,12/09/2022,13:09:21,119.6,119.5,5400,119.65,5400,0,24526800
ABCAPITAL-I.NFO,12/09/2022,13:09:22,119.5,119.4,10800,119.65,10800,5400,24526800
ABCAPITAL-I.NFO,12/09/2022,13:09:24,119.7,119.45,21600,119.7,5400,10800,24526800
ABCAPITAL-I.NFO,12/09/2022,13:09:25,119.45,119.4,10800,119.6,5400,10800,24526800
ABCAPITAL-I.NFO,12/09/2022,13:09:26,119.4,119.4,5400,119.6,5400,5400,24526800
ABCAPITAL-I.NFO,12/09/2022,13:09:27,119.6,119.5,5400,119.65,21600,32400,24526800
ABCAPITAL-I.NFO,12/09/2022,13:09:28,119.6,119.5,5400,119.6,5400,16200,24526800
ABCAPITAL-I.NFO,12/09/2022,13:09:29,119.6,119.5,5400,119.6,5400,5400,24526800
ABCAPITAL-I.NFO,12/09/2022,13:09:30,119.6,119.5,5400,119.6,5400,0,24526800
ABCAPITAL-I.NFO,12/09/2022,13:09:31,119.6,119.5,10800,119.65,5400,5400,24526800
ABCAPITAL-I.NFO,12/09/2022,13:09:32,119.6,119.5,5400,119.65,5400,0,24526800
ABCAPITAL-I.NFO,12/09/2022,13:09:33,119.6,119.5,5400,119.6,5400,0,24526800
ABCAPITAL-I.NFO,12/09/2022,13:09:34,119.6,119.5,5400,119.6,5400,5400,24526800
ABCAPITAL-I.NFO,12/09/2022,13:09:35,119.6,119.5,5400,119.65,10800,5400,24526800
ABCAPITAL-I.NFO,12/09/2022,13:09:36,119.5,119.45,10800,119.65,5400,10800,24526800
ABCAPITAL-I.NFO,12/09/2022,13:09:37,119.5,119.45,10800,119.65,10800,0,24526800
ABCAPITAL-I.NFO,12/09/2022,13:09:38,119.65,119.45,16200,119.65,5400,21600,24526800
ABCAPITAL-I.NFO,12/09/2022,13:09:39,119.65,119.5,5400,119.7,5400,0,24526800
ABCAPITAL-I.NFO,12/09/2022,13:09:40,119.7,119.5,16200,119.7,5400,5400,24526800
ABCAPITAL-I.NFO,12/09/2022,13:09:41,119.7,119.5,27000,119.7,5400,0,24526800
ABCAPITAL-I.NFO,12/09/2022,13:09:42,119.75,119.55,21600,119.75,32400,21600,24526800
ABCAPITAL-I.NFO,12/09/2022,13:09:43,119.75,119.6,10800,119.75,27000,0,24526800
ABCAPITAL-I.NFO,12/09/2022,13:09:44,119.75,119.6,16200,119.75,16200,16200,24526800
ABCAPITAL-I.NFO,12/09/2022,13:09:45,119.75,119.6,16200,119.75,10800,5400,24526800
ABCAPITAL-I.NFO,12/09/2022,13:09:45,119.7,119.65,5400,119.8,54000,27000,24526800
ABCAPITAL-I.NFO,12/09/2022,13:09:46,119.8,119.65,10800,119.8,27000,27000,24526800
ABCAPITAL-I.NFO,12/09/2022,13:09:47,119.8,119.65,10800,119.75,5400,5400,24526800
ABCAPITAL-I.NFO,12/09/2022,13:09:49,119.8,119.7,5400,119.75,10800,0,24526800
ABCAPITAL-I.NFO,12/09/2022,13:09:50,119.8,119.7,5400,119.75,16200,0,24526800
ABCAPITAL-I.NFO,12/09/2022,13:09:51,119.75,119.75,21600,119.8,27000,16200,24526800
ABCAPITAL-I.NFO,12/09/2022,13:09:51,119.75,119.75,10800,119.8,27000,10800,24526800
ABCAPITAL-I.NFO,12/09/2022,13:09:52,119.75,119.75,10800,119.8,27000,0,24526800
ABCAPITAL-I.NFO,12/09/2022,13:09:53,119.75,119.75,10800,119.8,32400,0,24526800
ABCAPITAL-I.NFO,12/09/2022,13:09:55,119.8,119.75,10800,119.85,27000,32400,24526800
ABCAPITAL-I.NFO,12/09/2022,13:09:56,119.8,119.75,16200,119.85,27000,0,24526800
ABCAPITAL-I.NFO,12/09/2022,13:09:58,119.85,119.8,5400,119.85,16200,10800,24526800
ABCAPITAL-I.NFO,12/09/2022,13:09:58,119.85,119.8,5400,119.85,16200,0,24526800
ABCAPITAL-I.NFO,12/09/2022,13:09:58,119.85,119.8,5400,119.85,16200,0,24526800
ABCAPITAL-I.NFO,12/09/2022,13:10:00,119.85,119.8,5400,119.85,10800,5400,24526800
ABCAPITAL-I.NFO,12/09/2022,13:10:01,119.85,119.8,10800,119.9,27000,0,24526800
ABCAPITAL-I.NFO,12/09/2022,13:10:03,119.85,119.8,21600,119.9,27000,5400,24526800
ABCAPITAL-I.NFO,12/09/2022,13:10:03,119.85,119.8,21600,119.9,27000,0,24526800
ABCAPITAL-I.NFO,12/09/2022,13:10:04,119.9,119.8,21600,119.95,21600,27000,24526800
ABCAPITAL-I.NFO,12/09/2022,13:10:04,119.9,119.8,21600,119.95,21600,0,24526800
ABCAPITAL-I.NFO,12/09/2022,13:10:06,119.9,119.8,21600,119.9,5400,0,24526800
ABCAPITAL-I.NFO,12/09/2022,13:10:07,119.85,119.8,16200,119.9,10800,5400,24526800
ABCAPITAL-I.NFO,12/09/2022,13:10:08,119.8,119.75,10800,119.9,10800,21600,24526800
ABCAPITAL-I.NFO,12/09/2022,13:10:09,119.75,119.7,16200,119.85,10800,5400,24526800
ABCAPITAL-I.NFO,12/09/2022,13:10:10,119.65,119.6,5400,119.75,10800,21600,24526800
ABCAPITAL-I.NFO,12/09/2022,13:10:10,119.65,119.6,10800,119.75,10800,0,24526800
ABCAPITAL-I.NFO,12/09/2022,13:10:12,119.7,119.6,10800,119.7,5400,5400,24526800
ABCAPITAL-I.NFO,12/09/2022,13:10:13,119.65,119.6,10800,119.7,10800,5400,24526800
ABCAPITAL-I.NFO,12/09/2022,13:10:14,119.55,119.5,5400,119.7,10800,16200,24526800
ABCAPITAL-I.NFO,12/09/2022,13:10:15,119.4,119.5,5400,119.65,5400,48600,24526800
ABCAPITAL-I.NFO,12/09/2022,13:10:15,119.4,119.5,5400,119.65,5400,0,24526800
ABCAPITAL-I.NFO,12/09/2022,13:10:16,119.7,119.55,5400,119.7,5400,16200,24526800
ABCAPITAL-I.NFO,12/09/2022,13:10:17,119.7,119.55,5400,119.75,16200,0,24526800
ABCAPITAL-I.NFO,12/09/2022,13:10:18,119.65,119.65,21600,119.75,16200,16200,24526800
ABCAPITAL-I.NFO,12/09/2022,13:10:19,119.75,119.65,16200,119.8,5400,10800,24526800
ABCAPITAL-I.NFO,12/09/2022,13:10:20,119.65,119.55,10800,119.8,10800,16200,24526800
ABCAPITAL-I.NFO,12/09/2022,13:10:22,119.75,119.65,5400,119.85,5400,10800,24526800
ABCAPITAL-I.NFO,12/09/2022,13:10:23,119.65,119.55,10800,119.8,10800,10800,24526800
ABCAPITAL-I.NFO,12/09/2022,13:10:24,119.65,119.55,10800,119.75,5400,0,24526800
ABCAPITAL-I.NFO,12/09/2022,13:10:26,119.65,119.55,10800,119.8,5400,0,24526800
ABCAPITAL-I.NFO,12/09/2022,13:10:27,119.55,119.5,5400,119.7,5400,16200,24526800
ABCAPITAL-I.NFO,12/09/2022,13:10:28,119.55,119.5,10800,119.7,5400,0,24526800
ABCAPITAL-I.NFO,12/09/2022,13:10:29,119.65,119.5,5400,119.7,10800,5400,24526800
ABCAPITAL-I.NFO,12/09/2022,13:10:30,119.65,119.5,5400,119.7,10800,0,24526800
ABCAPITAL-I.NFO,12/09/2022,13:10:31,119.5,119.5,5400,119.7,5400,10800,24526800
ABCAPITAL-I.NFO,12/09/2022,13:10:32,119.7,119.5,10800,119.7,5400,10800,24526800
ABCAPITAL-I.NFO,12/09/2022,13:10:33,119.5,119.5,5400,119.65,5400,5400,24526800
ABCAPITAL-I.NFO,12/09/2022,13:10:33,119.65,119.5,5400,119.7,5400,5400,24526800
ABCAPITAL-I.NFO,12/09/2022,13:10:34,119.5,119.4,16200,119.65,5400,10800,24526800
ABCAPITAL-I.NFO,12/09/2022,13:10:35,119.65,119.45,5400,119.65,5400,10800,24526800
ABCAPITAL-I.NFO,12/09/2022,13:10:37,119.65,119.45,5400,119.65,5400,0,24526800
ABCAPITAL-I.NFO,12/09/2022,13:10:38,119.65,119.4,10800,119.6,5400,0,24526800
ABCAPITAL-I.NFO,12/09/2022,13:10:39,119.4,119.35,5400,119.55,10800,10800,24526800
ABCAPITAL-I.NFO,12/09/2022,13:10:40,119.55,119.35,10800,119.55,5400,5400,24526800
ABCAPITAL-I.NFO,12/09/2022,13:10:41,119.35,119.35,5400,119.55,16200,5400,24526800
ABCAPITAL-I.NFO,12/09/2022,13:10:41,119.35,119.35,5400,119.5,5400,0,24526800
ABCAPITAL-I.NFO,12/09/2022,13:10:43,119.5,119.35,5400,119.55,16200,5400,24526800
ABCAPITAL-I.NFO,12/09/2022,13:10:44,119.5,119.45,5400,119.55,5400,0,24526800
ABCAPITAL-I.NFO,12/09/2022,13:10:45,119.5,119.4,5400,119.6,16200,5400,24526800
ABCAPITAL-I.NFO,12/09/2022,13:10:46,119.6,119.4,5400,119.6,21600,5400,24526800
ABCAPITAL-I.NFO,12/09/2022,13:10:47,119.6,119.4,5400,119.6,21600,0,24526800
ABCAPITAL-I.NFO,12/09/2022,13:10:49,119.6,119.4,10800,119.6,21600,0,24526800
ABCAPITAL-I.NFO,12/09/2022,13:10:50,119.6,119.4,10800,119.6,27000,0,24526800
ABCAPITAL-I.NFO,12/09/2022,13:10:55,119.6,119.5,10800,119.6,16200,0,24526800
ABCAPITAL-I.NFO,12/09/2022,13:10:56,119.6,119.5,10800,119.6,10800,0,24526800
ABCAPITAL-I.NFO,12/09/2022,13:10:57,119.55,119.5,10800,119.6,21600,5400,24526800
ABCAPITAL-I.NFO,12/09/2022,13:10:59,119.55,119.5,10800,119.6,10800,0,24526800
ABCAPITAL-I.NFO,12/09/2022,13:11:00,119.6,119.5,10800,119.7,27000,10800,24526800
ABCAPITAL-I.NFO,12/09/2022,13:11:01,119.7,119.5,10800,119.7,21600,5400,24526800
ABCAPITAL-I.NFO,12/09/2022,13:11:02,119.7,119.6,5400,119.7,21600,0,24526800
ABCAPITAL-I.NFO,12/09/2022,13:11:04,119.7,119.6,5400,119.65,5400,10800,24526800
ABCAPITAL-I.NFO,12/09/2022,13:11:05,119.8,119.6,5400,119.8,10800,16200,24526800
ABCAPITAL-I.NFO,12/09/2022,13:11:06,119.8,119.6,5400,119.8,5400,5400,24526800
ABCAPITAL-I.NFO,12/09/2022,13:11:06,119.8,119.65,5400,119.85,32400,5400,24526800
ABCAPITAL-I.NFO,12/09/2022,13:11:07,119.8,119.65,5400,119.85,32400,5400,24526800
ABCAPITAL-I.NFO,12/09/2022,13:11:08,119.85,119.65,5400,119.8,21600,5400,24526800
ABCAPITAL-I.NFO,12/09/2022,13:11:10,119.8,119.65,5400,119.8,10800,10800,24526800
ABCAPITAL-I.NFO,12/09/2022,13:11:11,119.8,119.65,5400,119.8,5400,5400,24526800
ABCAPITAL-I.NFO,12/09/2022,13:11:12,119.8,119.65,5400,119.85,27000,10800,24526800
ABCAPITAL-I.NFO,12/09/2022,13:11:12,119.8,119.65,5400,119.85,27000,0,24526800
ABCAPITAL-I.NFO,12/09/2022,13:11:14,119.8,119.65,5400,119.85,27000,16200,24526800
ABCAPITAL-I.NFO,12/09/2022,13:11:15,119.8,119.65,5400,119.8,16200,0,24526800
ABCAPITAL-I.NFO,12/09/2022,13:11:16,119.65,119.55,5400,119.8,10800,10800,24526800
ABCAPITAL-I.NFO,12/09/2022,13:11:18,119.8,119.55,5400,119.8,16200,5400,24526800
ABCAPITAL-I.NFO,12/09/2022,13:11:19,119.8,119.5,16200,119.85,32400,5400,24526800
ABCAPITAL-I.NFO,12/09/2022,13:11:20,119.85,119.6,5400,119.85,32400,5400,24526800
ABCAPITAL-I.NFO,12/09/2022,13:11:21,119.85,119.6,5400,119.8,10800,0,24526800
ABCAPITAL-I.NFO,12/09/2022,13:11:22,119.85,119.6,10800,119.85,32400,0,24526800
ABCAPITAL-I.NFO,12/09/2022,13:11:23,119.6,119.55,5400,119.8,10800,5400,24526800
ABCAPITAL-I.NFO,12/09/2022,13:11:25,119.6,119.55,5400,119.75,10800,5400,24526800
ABCAPITAL-I.NFO,12/09/2022,13:11:26,119.75,119.55,5400,119.75,16200,16200,24526800
ABCAPITAL-I.NFO,12/09/2022,13:11:27,119.75,119.55,5400,119.75,16200,0,24526800
ABCAPITAL-I.NFO,12/09/2022,13:11:29,119.75,119.5,16200,119.7,16200,0,24526800
ABCAPITAL-I.NFO,12/09/2022,13:11:30,119.55,119.5,10800,119.75,21600,10800,24526800
ABCAPITAL-I.NFO,12/09/2022,13:11:31,119.5,119.5,5400,119.75,16200,5400,24526800
ABCAPITAL-I.NFO,12/09/2022,13:11:32,119.75,119.5,5400,119.75,10800,5400,24526800
ABCAPITAL-I.NFO,12/09/2022,13:11:33,119.75,119.55,5400,119.8,16200,10800,24526800
ABCAPITAL-I.NFO,12/09/2022,13:11:34,119.75,119.55,10800,119.8,27000,0,24526800
ABCAPITAL-I.NFO,12/09/2022,13:11:36,119.75,119.55,5400,119.7,5400,0,24526800
ABCAPITAL-I.NFO,12/09/2022,13:11:36,119.7,119.55,10800,119.7,5400,5400,24526800
ABCAPITAL-I.NFO,12/09/2022,13:11:37,119.7,119.55,10800,119.75,16200,5400,24526800
ABCAPITAL-I.NFO,12/09/2022,13:11:39,119.7,119.55,10800,119.75,16200,0,24526800
ABCAPITAL-I.NFO,12/09/2022,13:11:42,119.7,119.55,10800,119.75,21600,0,24526800
ABCAPITAL-I.NFO,12/09/2022,13:11:44,119.7,119.55,10800,119.7,16200,0,24526800
ABCAPITAL-I.NFO,12/09/2022,13:11:46,119.55,119.5,10800,119.7,21600,10800,24526800
ABCAPITAL-I.NFO,12/09/2022,13:11:47,119.55,119.5,10800,119.65,21600,5400,24526800
ABCAPITAL-I.NFO,12/09/2022,13:11:48,119.55,119.5,10800,119.65,21600,0,24526800
ABCAPITAL-I.NFO,12/09/2022,13:11:50,119.55,119.5,10800,119.65,10800,5400,24526800
ABCAPITAL-I.NFO,12/09/2022,13:11:50,119.55,119.5,10800,119.65,10800,0,24526800
ABCAPITAL-I.NFO,12/09/2022,13:11:52,119.55,119.5,10800,119.65,21600,0,24526800
ABCAPITAL-I.NFO,12/09/2022,13:11:54,119.6,119.5,10800,119.65,10800,5400,24526800
ABCAPITAL-I.NFO,12/09/2022,13:11:55,119.6,119.5,10800,119.65,10800,0,24526800
ABCAPITAL-I.NFO,12/09/2022,13:11:56,119.5,119.5,5400,119.6,10800,5400,24526800
ABCAPITAL-I.NFO,12/09/2022,13:11:57,119.5,119.5,5400,119.6,10800,5400,24526800
ABCAPITAL-I.NFO,12/09/2022,13:11:58,119.5,119.5,5400,119.6,5400,0,24526800
ABCAPITAL-I.NFO,12/09/2022,13:11:59,119.65,119.45,10800,119.65,5400,5400,24526800
ABCAPITAL-I.NFO,12/09/2022,13:12:00,119.65,119.45,10800,119.65,21600,0,24526800
ABCAPITAL-I.NFO,12/09/2022,13:12:01,119.45,119.45,5400,119.65,21600,10800,24526800
ABCAPITAL-I.NFO,12/09/2022,13:12:02,119.45,119.4,10800,119.65,21600,0,24526800
ABCAPITAL-I.NFO,12/09/2022,13:12:04,119.4,119.4,5400,119.65,21600,5400,24526800
ABCAPITAL-I.NFO,12/09/2022,13:12:05,119.4,119.4,5400,119.65,21600,0,24526800
ABCAPITAL-I.NFO,12/09/2022,13:12:10,119.55,119.4,10800,119.6,21600,5400,24823800
ABCAPITAL-I.NFO,12/09/2022,13:12:12,119.55,119.4,5400,119.6,27000,0,24823800
ABCAPITAL-I.NFO,12/09/2022,13:12:13,119.6,119.4,5400,119.6,16200,5400,24823800
ABCAPITAL-I.NFO,12/09/2022,13:12:14,119.4,119.4,5400,119.6,16200,5400,24823800
ABCAPITAL-I.NFO,12/09/2022,13:12:15,119.4,119.4,5400,119.6,16200,0,24823800
ABCAPITAL-I.NFO,12/09/2022,13:12:18,119.4,119.4,10800,119.6,16200,0,24823800
ABCAPITAL-I.NFO,12/09/2022,13:12:20,119.4,119.4,10800,119.55,5400,0,24823800
ABCAPITAL-I.NFO,12/09/2022,13:12:22,119.4,119.4,5400,119.55,21600,0,24823800
ABCAPITAL-I.NFO,12/09/2022,13:12:26,119.4,119.35,5400,119.55,21600,10800,24823800
ABCAPITAL-I.NFO,12/09/2022,13:12:26,119.4,119.35,5400,119.55,21600,0,24823800
ABCAPITAL-I.NFO,12/09/2022,13:12:27,119.45,119.35,10800,119.55,21600,5400,24823800
ABCAPITAL-I.NFO,12/09/2022,13:12:29,119.45,119.4,10800,119.6,5400,0,24823800
ABCAPITAL-I.NFO,12/09/2022,13:12:30,119.45,119.4,10800,119.6,16200,0,24823800
ABCAPITAL-I.NFO,12/09/2022,13:12:31,119.45,119.35,10800,119.5,10800,0,24823800
ABCAPITAL-I.NFO,12/09/2022,13:12:33,119.45,119.35,10800,119.5,16200,0,24823800
ABCAPITAL-I.NFO,12/09/2022,13:12:34,119.5,119.4,5400,119.6,16200,16200,24823800
ABCAPITAL-I.NFO,12/09/2022,13:12:35,119.5,119.4,5400,119.6,16200,0,24823800
ABCAPITAL-I.NFO,12/09/2022,13:12:37,119.45,119.4,5400,119.6,5400,21600,24823800
ABCAPITAL-I.NFO,12/09/2022,13:12:38,119.4,119.35,10800,119.6,16200,5400,24823800
ABCAPITAL-I.NFO,12/09/2022,13:12:39,119.4,119.35,10800,119.5,5400,0,24823800
ABCAPITAL-I.NFO,12/09/2022,13:12:41,119.5,119.35,16200,119.55,10800,5400,24823800
ABCAPITAL-I.NFO,12/09/2022,13:12:42,119.55,119.35,10800,119.55,5400,5400,24823800
ABCAPITAL-I.NFO,12/09/2022,13:12:43,119.55,119.35,10800,119.55,5400,0,24823800
ABCAPITAL-I.NFO,12/09/2022,13:12:44,119.55,119.35,10800,119.55,5400,5400,24823800
ABCAPITAL-I.NFO,12/09/2022,13:12:45,119.55,119.35,10800,119.55,5400,0,24823800
ABCAPITAL-I.NFO,12/09/2022,13:12:46,119.55,119.35,10800,119.6,27000,5400,24823800
ABCAPITAL-I.NFO,12/09/2022,13:12:47,119.55,119.35,10800,119.6,27000,0,24823800
ABCAPITAL-I.NFO,12/09/2022,13:12:49,119.55,119.4,10800,119.6,16200,10800,24823800
ABCAPITAL-I.NFO,12/09/2022,13:12:50,119.55,119.4,10800,119.6,10800,0,24823800
ABCAPITAL-I.NFO,12/09/2022,13:12:51,119.55,119.4,5400,119.55,5400,0,24823800
ABCAPITAL-I.NFO,12/09/2022,13:12:54,119.55,119.4,5400,119.6,16200,5400,24823800
ABCAPITAL-I.NFO,12/09/2022,13:12:55,119.55,119.4,5400,119.6,10800,0,24823800
ABCAPITAL-I.NFO,12/09/2022,13:12:56,119.4,119.4,5400,119.6,21600,5400,24823800
ABCAPITAL-I.NFO,12/09/2022,13:12:58,119.4,119.35,10800,119.6,21600,0,24823800
ABCAPITAL-I.NFO,12/09/2022,13:13:00,119.4,119.4,5400,119.6,10800,0,24823800
ABCAPITAL-I.NFO,12/09/2022,13:13:01,119.4,119.4,5400,119.6,16200,0,24823800
ABCAPITAL-I.NFO,12/09/2022,13:13:02,119.4,119.4,10800,119.6,27000,0,24823800
ABCAPITAL-I.NFO,12/09/2022,13:13:07,119.4,119.4,16200,119.6,27000,0,24823800
ABCAPITAL-I.NFO,12/09/2022,13:13:23,119.65,119.5,5400,119.7,10800,70200,24823800
ABCAPITAL-I.NFO,12/09/2022,13:13:34,119.65,119.5,5400,119.7,10800,0,24823800
ABCAPITAL-I.NFO,12/09/2022,13:13:45,119.5,119.45,10800,119.7,16200,64800,24823800
ABCAPITAL-I.NFO,12/09/2022,13:13:56,119.6,119.55,5400,119.75,21600,10800,24823800
ABCAPITAL-I.NFO,12/09/2022,13:14:07,119.55,119.5,10800,119.7,16200,5400,24823800
ABCAPITAL-I.NFO,12/09/2022,13:14:18,119.5,119.5,5400,119.7,21600,10800,24823800
ABCAPITAL-I.NFO,12/09/2022,13:14:30,119.65,119.45,16200,119.75,16200,75600,24823800
ABCAPITAL-I.NFO,12/09/2022,13:14:42,119.65,119.5,21600,119.7,5400,0,24823800
ABCAPITAL-I.NFO,12/09/2022,13:14:55,119.65,119.65,21600,119.7,5400,16200,24823800
ABCAPITAL-I.NFO,12/09/2022,13:15:07,119.7,119.7,27000,119.75,21600,10800,24823800
ABCAPITAL-I.NFO,12/09/2022,13:15:19,119.65,119.6,21600,119.7,5400,54000,24937200
ABCAPITAL-I.NFO,12/09/2022,13:15:31,119.6,119.5,32400,119.75,16200,5400,24937200
ABCAPITAL-I.NFO,12/09/2022,13:15:43,119.6,119.5,32400,119.7,16200,0,24937200
ABCAPITAL-I.NFO,12/09/2022,13:15:54,119.7,119.5,10800,119.75,21600,48600,24937200
ABCAPITAL-I.NFO,12/09/2022,13:16:07,119.7,119.6,5400,119.75,10800,21600,24937200
ABCAPITAL-I.NFO,12/09/2022,13:16:20,119.6,119.45,5400,119.6,5400,5400,24937200
ABCAPITAL-I.NFO,12/09/2022,13:16:33,119.5,119.4,10800,119.6,5400,16200,24937200
ABCAPITAL-I.NFO,12/09/2022,13:16:46,119.5,119.4,10800,119.5,5400,21600,24937200
ABCAPITAL-I.NFO,12/09/2022,13:17:06,119.5,119.45,5400,119.7,21600,27000,24937200
ABCAPITAL-I.NFO,12/09/2022,13:17:24,119.5,119.5,16200,119.6,5400,0,24937200
ABCAPITAL-I.NFO,12/09/2022,13:17:56,119.6,119.55,5400,119.65,5400,37800,24937200
ABCAPITAL-I.NFO,12/09/2022,13:18:10,119.6,119.55,5400,119.65,5400,0,24937200
ABCAPITAL-I.NFO,12/09/2022,13:18:24,119.6,119.55,5400,119.6,5400,0,24937200
ABCAPITAL-I.NFO,12/09/2022,13:18:39,119.6,119.5,16200,119.7,10800,5400,24953400
ABCAPITAL-I.NFO,12/09/2022,13:18:54,119.55,119.5,21600,119.7,5400,27000,24953400
ABCAPITAL-I.NFO,12/09/2022,13:19:09,119.5,119.45,21600,119.65,5400,5400,24953400
ABCAPITAL-I.NFO,12/09/2022,13:19:24,119.5,119.45,10800,119.65,10800,5400,24953400
ABCAPITAL-I.NFO,12/09/2022,13:19:37,119.5,119.5,5400,119.6,5400,0,24953400
ABCAPITAL-I.NFO,12/09/2022,13:19:50,119.5,119.5,10800,119.6,5400,0,24953400
ABCAPITAL-I.NFO,12/09/2022,13:20:04,119.7,119.6,10800,119.75,16200,32400,24953400
ABCAPITAL-I.NFO,12/09/2022,13:20:19,119.85,119.75,5400,119.95,5400,226800,24953400
ABCAPITAL-I.NFO,12/09/2022,13:20:19,120.15,119.75,5400,119.95,5400,0,24953400
ABCAPITAL-I.NFO,12/09/2022,13:20:33,119.95,119.85,5400,119.95,5400,10800,24953400
ABCAPITAL-I.NFO,12/09/2022,13:20:47,119.95,119.85,5400,120,37800,16200,24953400
ABCAPITAL-I.NFO,12/09/2022,13:20:59,119.7,119.7,5400,119.9,5400,48600,24953400
ABCAPITAL-I.NFO,12/09/2022,13:21:11,119.75,119.7,10800,119.85,5400,32400,24953400
ABCAPITAL-I.NFO,12/09/2022,13:21:12,119.75,119.7,10800,119.85,5400,0,24953400
ABCAPITAL-I.NFO,12/09/2022,13:21:13,119.9,119.75,16200,119.95,5400,10800,24953400
ABCAPITAL-I.NFO,12/09/2022,13:21:14,119.9,119.75,5400,119.95,16200,0,24953400
ABCAPITAL-I.NFO,12/09/2022,13:21:15,119.9,119.75,10800,119.95,16200,0,24953400
ABCAPITAL-I.NFO,12/09/2022,13:21:17,119.75,119.75,5400,119.9,5400,5400,24953400
ABCAPITAL-I.NFO,12/09/2022,13:21:18,119.75,119.75,5400,119.9,5400,0,24953400
ABCAPITAL-I.NFO,12/09/2022,13:21:25,119.75,119.75,5400,119.9,10800,0,24953400
ABCAPITAL-I.NFO,12/09/2022,13:21:26,119.75,119.75,5400,119.9,5400,0,24953400
ABCAPITAL-I.NFO,12/09/2022,13:21:33,119.75,119.75,5400,119.9,16200,0,24953400
ABCAPITAL-I.NFO,12/09/2022,13:21:34,119.75,119.75,5400,119.9,5400,0,24953400
ABCAPITAL-I.NFO,12/09/2022,13:21:35,119.75,119.8,5400,119.95,16200,0,24953400
ABCAPITAL-I.NFO,12/09/2022,13:21:37,119.75,119.8,5400,119.9,5400,0,24953400
ABCAPITAL-I.NFO,12/09/2022,13:21:44,119.75,119.8,5400,119.9,21600,0,24953400
ABCAPITAL-I.NFO,12/09/2022,13:21:45,119.75,119.8,5400,119.9,10800,0,24953400
ABCAPITAL-I.NFO,12/09/2022,13:21:47,119.9,119.8,5400,119.95,16200,10800,24953400
ABCAPITAL-I.NFO,12/09/2022,13:21:48,119.9,119.8,5400,119.95,16200,0,24953400
ABCAPITAL-I.NFO,12/09/2022,13:21:49,119.9,119.8,5400,119.95,21600,0,24953400
ABCAPITAL-I.NFO,12/09/2022,13:21:50,119.85,119.7,10800,119.9,5400,21600,24953400
ABCAPITAL-I.NFO,12/09/2022,13:21:51,119.85,119.7,10800,119.9,5400,0,24953400
ABCAPITAL-I.NFO,12/09/2022,13:21:52,119.85,119.7,10800,119.9,10800,0,24953400
ABCAPITAL-I.NFO,12/09/2022,13:21:53,119.85,119.7,5400,119.9,10800,0,24953400
ABCAPITAL-I.NFO,12/09/2022,13:21:54,119.85,119.7,10800,119.9,16200,0,24953400
ABCAPITAL-I.NFO,12/09/2022,13:21:56,119.9,119.75,5400,119.9,5400,10800,24953400
ABCAPITAL-I.NFO,12/09/2022,13:21:57,119.9,119.75,5400,119.95,5400,5400,24953400
ABCAPITAL-I.NFO,12/09/2022,13:21:58,119.9,119.85,5400,119.95,5400,0,24953400
ABCAPITAL-I.NFO,12/09/2022,13:21:59,119.9,119.85,5400,120,70200,0,24953400
ABCAPITAL-I.NFO,12/09/2022,13:22:01,119.85,119.75,10800,119.95,5400,5400,24953400
ABCAPITAL-I.NFO,12/09/2022,13:22:02,119.85,119.75,10800,119.95,21600,0,24953400
ABCAPITAL-I.NFO,12/09/2022,13:22:03,119.7,119.7,16200,119.95,16200,16200,24953400
ABCAPITAL-I.NFO,12/09/2022,13:22:04,119.7,119.7,5400,119.95,21600,0,24953400
ABCAPITAL-I.NFO,12/09/2022,13:22:07,119.7,119.7,10800,119.9,5400,0,24953400
ABCAPITAL-I.NFO,12/09/2022,13:22:08,119.7,119.75,10800,119.95,5400,0,24953400
ABCAPITAL-I.NFO,12/09/2022,13:22:10,119.7,119.75,27000,120,59400,0,24953400
ABCAPITAL-I.NFO,12/09/2022,13:22:12,120,119.75,27000,119.95,5400,5400,24953400
ABCAPITAL-I.NFO,12/09/2022,13:22:24,119.85,119.8,16200,120,54000,10800,24953400
ABCAPITAL-I.NFO,12/09/2022,13:22:35,119.95,119.8,21600,120,54000,43200,24953400
ABCAPITAL-I.NFO,12/09/2022,13:22:46,119.95,119.8,10800,120,54000,0,24953400
ABCAPITAL-I.NFO,12/09/2022,13:22:56,119.95,119.85,10800,120,48600,16200,24953400
ABCAPITAL-I.NFO,12/09/2022,13:23:06,119.95,119.85,5400,120,48600,0,24953400
ABCAPITAL-I.NFO,12/09/2022,13:23:16,120,119.85,5400,120,37800,5400,24953400
ABCAPITAL-I.NFO,12/09/2022,13:23:27,120,119.95,5400,120.1,10800,54000,24953400
ABCAPITAL-I.NFO,12/09/2022,13:23:38,120,119.95,5400,120.15,21600,27000,24953400
ABCAPITAL-I.NFO,12/09/2022,13:23:49,120,120,5400,120.15,10800,10800,24953400
ABCAPITAL-I.NFO,12/09/2022,13:24:00,120,119.9,10800,120.1,16200,16200,24953400
ABCAPITAL-I.NFO,12/09/2022,13:24:09,119.95,119.85,10800,120,5400,32400,25066800
ABCAPITAL-I.NFO,12/09/2022,13:24:11,119.8,119.8,5400,120,16200,5400,25066800
ABCAPITAL-I.NFO,12/09/2022,13:24:13,119.8,119.75,16200,120,21600,0,25066800
ABCAPITAL-I.NFO,12/09/2022,13:24:16,119.8,119.75,16200,119.95,16200,0,25066800
ABCAPITAL-I.NFO,12/09/2022,13:24:17,119.95,119.75,10800,119.95,10800,10800,25066800
ABCAPITAL-I.NFO,12/09/2022,13:24:18,119.95,119.75,10800,120,21600,0,25066800
ABCAPITAL-I.NFO,12/09/2022,13:24:22,119.95,119.8,5400,120,21600,0,25066800
ABCAPITAL-I.NFO,12/09/2022,13:24:25,119.75,119.7,10800,119.9,16200,27000,25066800
ABCAPITAL-I.NFO,12/09/2022,13:24:26,119.75,119.7,10800,119.9,16200,0,25066800
ABCAPITAL-I.NFO,12/09/2022,13:24:28,119.9,119.75,5400,119.9,16200,5400,25066800
ABCAPITAL-I.NFO,12/09/2022,13:24:29,119.9,119.75,5400,119.9,16200,0,25066800
ABCAPITAL-I.NFO,12/09/2022,13:24:30,119.8,119.75,5400,119.9,16200,5400,25066800
ABCAPITAL-I.NFO,12/09/2022,13:24:31,119.8,119.75,5400,119.9,16200,0,25066800
ABCAPITAL-I.NFO,12/09/2022,13:24:32,119.8,119.8,5400,119.95,21600,0,25066800
ABCAPITAL-I.NFO,12/09/2022,13:24:39,119.8,119.8,10800,119.95,21600,0,25066800
ABCAPITAL-I.NFO,12/09/2022,13:24:40,119.8,119.8,10800,119.9,16200,0,25066800
ABCAPITAL-I.NFO,12/09/2022,13:24:42,119.8,119.7,5400,119.85,21600,5400,25066800
ABCAPITAL-I.NFO,12/09/2022,13:24:43,119.8,119.6,5400,119.8,5400,10800,25066800
ABCAPITAL-I.NFO,12/09/2022,13:24:44,119.8,119.6,10800,119.8,5400,0,25066800
ABCAPITAL-I.NFO,12/09/2022,13:24:45,119.8,119.65,5400,119.8,5400,0,25066800
ABCAPITAL-I.NFO,12/09/2022,13:24:47,119.8,119.65,10800,119.85,16200,5400,25066800
ABCAPITAL-I.NFO,12/09/2022,13:24:48,119.8,119.65,10800,119.85,16200,0,25066800
ABCAPITAL-I.NFO,12/09/2022,13:24:49,119.8,119.65,5400,119.85,16200,0,25066800
ABCAPITAL-I.NFO,12/09/2022,13:24:52,119.7,119.6,10800,119.85,16200,5400,25066800
ABCAPITAL-I.NFO,12/09/2022,13:24:53,119.7,119.7,10800,119.85,21600,0,25066800
ABCAPITAL-I.NFO,12/09/2022,13:24:55,119.85,119.7,10800,119.85,5400,5400,25066800
ABCAPITAL-I.NFO,12/09/2022,13:24:56,119.85,119.7,10800,119.85,5400,0,25066800
ABCAPITAL-I.NFO,12/09/2022,13:25:00,119.85,119.7,16200,119.85,5400,0,25066800
ABCAPITAL-I.NFO,12/09/2022,13:25:02,119.85,119.7,10800,119.85,5400,0,25066800
ABCAPITAL-I.NFO,12/09/2022,13:25:03,119.7,119.65,5400,119.8,5400,16200,25066800
ABCAPITAL-I.NFO,12/09/2022,13:25:04,119.7,119.6,10800,119.8,16200,0,25066800
ABCAPITAL-I.NFO,12/09/2022,13:25:08,119.7,119.65,5400,119.85,21600,0,25066800
ABCAPITAL-I.NFO,12/09/2022,13:25:09,119.7,119.65,5400,119.85,16200,0,25066800
ABCAPITAL-I.NFO,12/09/2022,13:25:10,119.7,119.65,5400,119.85,21600,0,25066800
ABCAPITAL-I.NFO,12/09/2022,13:25:11,119.7,119.6,16200,119.85,21600,5400,25066800
ABCAPITAL-I.NFO,12/09/2022,13:25:16,119.8,119.75,5400,119.85,5400,10800,25066800
ABCAPITAL-I.NFO,12/09/2022,13:25:30,119.85,119.7,10800,119.85,10800,5400,25066800
ABCAPITAL-I.NFO,12/09/2022,13:25:43,119.85,119.7,10800,119.9,5400,27000,25066800
ABCAPITAL-I.NFO,12/09/2022,13:25:58,119.85,119.65,5400,119.85,5400,21600,25066800
ABCAPITAL-I.NFO,12/09/2022,13:26:19,119.6,119.55,5400,119.75,16200,32400,25066800
ABCAPITAL-I.NFO,12/09/2022,13:26:35,119.9,119.75,27000,119.95,5400,151200,25066800
ABCAPITAL-I.NFO,12/09/2022,13:26:49,120.15,120,32400,120.15,5400,37800,25066800
ABCAPITAL-I.NFO,12/09/2022,13:27:04,120,119.8,16200,120,5400,10800,25066800
ABCAPITAL-I.NFO,12/09/2022,13:27:11,119.8,119.75,16200,120,5400,5400,25180200
ABCAPITAL-I.NFO,12/09/2022,13:27:12,119.8,119.75,16200,120,5400,0,25180200
ABCAPITAL-I.NFO,12/09/2022,13:27:15,119.8,119.75,27000,120,21600,0,25180200
ABCAPITAL-I.NFO,12/09/2022,13:27:17,119.8,119.75,27000,120,10800,0,25180200
ABCAPITAL-I.NFO,12/09/2022,13:27:17,119.8,119.75,27000,120,21600,0,25180200
ABCAPITAL-I.NFO,12/09/2022,13:27:19,119.8,119.75,32400,120,10800,0,25180200
ABCAPITAL-I.NFO,12/09/2022,13:27:27,120,119.85,27000,120,5400,5400,25180200
ABCAPITAL-I.NFO,12/09/2022,13:27:28,120,119.85,27000,120,5400,0,25180200
ABCAPITAL-I.NFO,12/09/2022,13:27:29,120,119.85,27000,120.05,5400,0,25180200
ABCAPITAL-I.NFO,12/09/2022,13:27:33,120,119.8,5400,120,5400,0,25180200
ABCAPITAL-I.NFO,12/09/2022,13:27:34,120,119.85,27000,120,5400,0,25180200
ABCAPITAL-I.NFO,12/09/2022,13:27:40,120,119.9,16200,120,5400,0,25180200
ABCAPITAL-I.NFO,12/09/2022,13:27:43,120,119.85,27000,120,5400,0,25180200
ABCAPITAL-I.NFO,12/09/2022,13:27:44,120,119.8,5400,120,10800,0,25180200
ABCAPITAL-I.NFO,12/09/2022,13:27:45,120,119.85,27000,120,10800,0,25180200
ABCAPITAL-I.NFO,12/09/2022,13:27:46,120,119.8,5400,120,10800,0,25180200
ABCAPITAL-I.NFO,12/09/2022,13:27:48,120,119.85,16200,120,10800,0,25180200
ABCAPITAL-I.NFO,12/09/2022,13:27:50,120,119.8,21600,120,10800,0,25180200
ABCAPITAL-I.NFO,12/09/2022,13:27:54,120,119.85,27000,120,5400,5400,25180200
ABCAPITAL-I.NFO,12/09/2022,13:27:55,120,119.85,27000,120,5400,0,25180200
ABCAPITAL-I.NFO,12/09/2022,13:27:56,120,119.8,16200,120,5400,0,25180200
ABCAPITAL-I.NFO,12/09/2022,13:27:57,120,119.85,16200,120,5400,0,25180200
ABCAPITAL-I.NFO,12/09/2022,13:27:58,120,119.85,32400,120,5400,0,25180200
ABCAPITAL-I.NFO,12/09/2022,13:27:59,120,119.85,16200,120,5400,0,25180200
ABCAPITAL-I.NFO,12/09/2022,13:28:00,120,119.8,5400,120,5400,0,25180200
ABCAPITAL-I.NFO,12/09/2022,13:28:01,120,119.85,21600,120,5400,0,25180200
ABCAPITAL-I.NFO,12/09/2022,13:28:02,120,119.85,27000,120,5400,0,25180200
ABCAPITAL-I.NFO,12/09/2022,13:28:05,120.1,119.85,5400,120.1,5400,10800,25180200
ABCAPITAL-I.NFO,12/09/2022,13:28:05,120.1,119.9,10800,120.1,5400,0,25180200
ABCAPITAL-I.NFO,12/09/2022,13:28:06,120.1,119.9,27000,120.1,5400,0,25180200
ABCAPITAL-I.NFO,12/09/2022,13:28:07,120.1,119.95,16200,120.1,5400,0,25180200
ABCAPITAL-I.NFO,12/09/2022,13:28:08,119.95,119.85,10800,120.05,10800,16200,25180200
ABCAPITAL-I.NFO,12/09/2022,13:28:09,119.95,119.85,10800,120.05,5400,0,25180200
ABCAPITAL-I.NFO,12/09/2022,13:28:10,119.95,119.9,5400,120.1,10800,0,25180200
ABCAPITAL-I.NFO,12/09/2022,13:28:13,119.95,119.95,5400,120.1,5400,0,25180200
ABCAPITAL-I.NFO,12/09/2022,13:28:15,120,119.95,5400,120.1,5400,5400,25180200
ABCAPITAL-I.NFO,12/09/2022,13:28:15,120,119.95,16200,120.1,5400,0,25180200
ABCAPITAL-I.NFO,12/09/2022,13:28:16,120,120,5400,120.1,5400,0,25180200
ABCAPITAL-I.NFO,12/09/2022,13:28:17,120,120,16200,120.1,5400,0,25180200
ABCAPITAL-I.NFO,12/09/2022,13:28:18,120,119.95,16200,120.1,5400,0,25180200
ABCAPITAL-I.NFO,12/09/2022,13:28:20,120,119.95,5400,120.1,10800,0,25180200
ABCAPITAL-I.NFO,12/09/2022,13:28:23,120,119.95,10800,120.1,10800,0,25180200
ABCAPITAL-I.NFO,12/09/2022,13:28:27,120,120,10800,120.1,10800,0,25180200
ABCAPITAL-I.NFO,12/09/2022,13:28:34,120,120,5400,120.1,10800,5400,25180200
ABCAPITAL-I.NFO,12/09/2022,13:28:34,120,120,5400,120.1,10800,0,25180200
ABCAPITAL-I.NFO,12/09/2022,13:28:43,119.8,119.75,5400,119.95,10800,32400,25180200
ABCAPITAL-I.NFO,12/09/2022,13:28:45,119.75,119.7,5400,119.85,5400,5400,25180200
ABCAPITAL-I.NFO,12/09/2022,13:28:45,119.65,119.6,10800,119.8,5400,10800,25180200
ABCAPITAL-I.NFO,12/09/2022,13:28:46,119.65,119.6,5400,119.8,5400,0,25180200
ABCAPITAL-I.NFO,12/09/2022,13:28:47,119.65,119.6,16200,119.8,5400,0,25180200
ABCAPITAL-I.NFO,12/09/2022,13:28:48,119.65,119.6,5400,119.8,5400,0,25180200
ABCAPITAL-I.NFO,12/09/2022,13:28:49,119.65,119.65,10800,119.8,5400,0,25180200
ABCAPITAL-I.NFO,12/09/2022,13:28:51,119.8,119.7,5400,119.9,16200,5400,25180200
ABCAPITAL-I.NFO,12/09/2022,13:28:52,119.8,119.7,5400,119.9,16200,0,25180200
ABCAPITAL-I.NFO,12/09/2022,13:28:53,119.9,119.7,5400,119.95,16200,5400,25180200
ABCAPITAL-I.NFO,12/09/2022,13:28:54,119.8,119.65,10800,119.9,10800,5400,25180200
ABCAPITAL-I.NFO,12/09/2022,13:28:56,119.8,119.75,5400,119.95,16200,0,25180200
ABCAPITAL-I.NFO,12/09/2022,13:28:59,119.8,119.8,10800,119.95,5400,0,25180200
ABCAPITAL-I.NFO,12/09/2022,13:29:00,119.8,119.8,16200,119.95,5400,0,25180200
ABCAPITAL-I.NFO,12/09/2022,13:29:02,119.8,119.85,10800,119.95,5400,0,25180200
ABCAPITAL-I.NFO,12/09/2022,13:29:04,119.95,119.85,10800,120,5400,5400,25180200
ABCAPITAL-I.NFO,12/09/2022,13:29:06,119.95,119.85,10800,120,5400,0,25180200
ABCAPITAL-I.NFO,12/09/2022,13:29:07,119.95,119.85,5400,120,5400,0,25180200
ABCAPITAL-I.NFO,12/09/2022,13:29:08,119.95,119.85,5400,120,10800,0,25180200
ABCAPITAL-I.NFO,12/09/2022,13:29:12,119.95,119.85,5400,120,16200,0,25180200
ABCAPITAL-I.NFO,12/09/2022,13:29:20,119.95,119.85,10800,120,5400,0,25180200
ABCAPITAL-I.NFO,12/09/2022,13:29:22,119.95,119.9,10800,120,5400,0,25180200
ABCAPITAL-I.NFO,12/09/2022,13:29:23,120,119.9,5400,120.1,21600,5400,25180200
ABCAPITAL-I.NFO,12/09/2022,13:29:24,119.85,119.85,5400,120.1,5400,16200,25180200
ABCAPITAL-I.NFO,12/09/2022,13:29:25,119.85,119.75,5400,120.05,10800,0,25180200
ABCAPITAL-I.NFO,12/09/2022,13:29:26,119.85,119.75,5400,119.95,5400,0,25180200
ABCAPITAL-I.NFO,12/09/2022,13:29:27,119.85,119.75,16200,119.95,5400,0,25180200
ABCAPITAL-I.NFO,12/09/2022,13:29:30,119.85,119.8,10800,119.95,5400,0,25180200
ABCAPITAL-I.NFO,12/09/2022,13:29:30,119.85,119.8,27000,119.95,5400,0,25180200
ABCAPITAL-I.NFO,12/09/2022,13:29:31,119.85,119.8,16200,119.95,5400,0,25180200
ABCAPITAL-I.NFO,12/09/2022,13:29:32,119.85,119.8,5400,119.95,5400,0,25180200
ABCAPITAL-I.NFO,12/09/2022,13:29:33,119.85,119.85,5400,119.95,5400,0,25180200
ABCAPITAL-I.NFO,12/09/2022,13:29:35,119.85,119.8,5400,119.95,5400,5400,25180200
ABCAPITAL-I.NFO,12/09/2022,13:29:38,119.85,119.8,16200,119.95,5400,0,25180200
ABCAPITAL-I.NFO,12/09/2022,13:29:39,119.85,119.8,5400,119.95,5400,0,25180200
ABCAPITAL-I.NFO,12/09/2022,13:29:41,119.85,119.75,10800,119.95,5400,0,25180200
ABCAPITAL-I.NFO,12/09/2022,13:29:42,119.85,119.75,16200,119.95,5400,0,25180200
ABCAPITAL-I.NFO,12/09/2022,13:29:43,119.85,119.85,5400,119.95,10800,0,25180200
ABCAPITAL-I.NFO,12/09/2022,13:29:46,119.85,119.75,16200,119.95,10800,0,25180200
ABCAPITAL-I.NFO,12/09/2022,13:29:48,119.85,119.75,10800,119.95,10800,0,25180200
ABCAPITAL-I.NFO,12/09/2022,13:29:49,119.85,119.65,16200,119.9,5400,0,25180200
ABCAPITAL-I.NFO,12/09/2022,13:29:50,119.8,119.65,5400,119.8,10800,5400,25180200
ABCAPITAL-I.NFO,12/09/2022,13:29:51,119.95,119.75,5400,119.95,10800,16200,25180200
ABCAPITAL-I.NFO,12/09/2022,13:29:52,119.95,119.75,16200,119.95,10800,0,25180200
ABCAPITAL-I.NFO,12/09/2022,13:29:53,119.75,119.7,16200,119.9,5400,5400,25180200
ABCAPITAL-I.NFO,12/09/2022,13:29:54,119.75,119.7,5400,119.9,5400,0,25180200
ABCAPITAL-I.NFO,12/09/2022,13:29:58,119.75,119.7,5400,119.9,16200,0,25180200
ABCAPITAL-I.NFO,12/09/2022,13:30:00,119.75,119.7,10800,119.9,5400,0,25180200
ABCAPITAL-I.NFO,12/09/2022,13:30:06,119.75,119.7,5400,119.9,16200,5400,25180200
ABCAPITAL-I.NFO,12/09/2022,13:30:06,119.75,119.7,5400,119.9,16200,0,25180200
ABCAPITAL-I.NFO,12/09/2022,13:30:12,119.75,119.75,5400,119.9,16200,0,25180200
ABCAPITAL-I.NFO,12/09/2022,13:30:15,119.75,119.8,5400,119.95,48600,0,25180200
ABCAPITAL-I.NFO,12/09/2022,13:30:16,119.95,119.8,10800,119.95,27000,5400,25207200
ABCAPITAL-I.NFO,12/09/2022,13:30:16,119.95,119.8,10800,119.95,27000,0,25207200
ABCAPITAL-I.NFO,12/09/2022,13:30:17,119.95,119.85,5400,119.95,27000,0,25207200
ABCAPITAL-I.NFO,12/09/2022,13:30:18,119.95,119.85,5400,119.95,32400,0,25207200
ABCAPITAL-I.NFO,12/09/2022,13:30:20,119.9,119.85,5400,119.95,32400,5400,25207200
ABCAPITAL-I.NFO,12/09/2022,13:30:21,119.9,119.85,5400,119.95,32400,0,25207200
ABCAPITAL-I.NFO,12/09/2022,13:30:25,119.95,119.85,5400,119.95,27000,5400,25207200
ABCAPITAL-I.NFO,12/09/2022,13:30:26,119.85,119.85,10800,119.95,27000,5400,25207200
ABCAPITAL-I.NFO,12/09/2022,13:30:27,119.85,119.9,10800,119.95,27000,0,25207200
ABCAPITAL-I.NFO,12/09/2022,13:30:34,119.9,119.8,5400,119.95,27000,10800,25207200
ABCAPITAL-I.NFO,12/09/2022,13:30:35,119.9,119.8,5400,119.95,27000,0,25207200
ABCAPITAL-I.NFO,12/09/2022,13:30:36,119.9,119.8,5400,119.95,32400,0,25207200
ABCAPITAL-I.NFO,12/09/2022,13:30:43,119.9,119.75,16200,119.95,32400,10800,25207200
ABCAPITAL-I.NFO,12/09/2022,13:30:44,119.9,119.75,16200,119.95,32400,0,25207200
ABCAPITAL-I.NFO,12/09/2022,13:30:47,119.9,119.7,16200,119.9,5400,0,25207200
ABCAPITAL-I.NFO,12/09/2022,13:30:48,119.9,119.75,16200,119.95,37800,5400,25207200
ABCAPITAL-I.NFO,12/09/2022,13:30:49,119.9,119.75,16200,119.95,37800,0,25207200
ABCAPITAL-I.NFO,12/09/2022,13:30:52,119.9,119.7,16200,119.95,37800,0,25207200
ABCAPITAL-I.NFO,12/09/2022,13:30:56,119.9,119.8,5400,119.95,37800,0,25207200
ABCAPITAL-I.NFO,12/09/2022,13:31:00,119.95,119.85,5400,119.95,32400,5400,25207200
ABCAPITAL-I.NFO,12/09/2022,13:31:00,119.95,119.85,5400,119.95,32400,0,25207200
ABCAPITAL-I.NFO,12/09/2022,13:31:01,119.95,119.85,5400,119.95,27000,0,25207200
ABCAPITAL-I.NFO,12/09/2022,13:31:02,119.85,119.8,16200,119.95,27000,5400,25207200
ABCAPITAL-I.NFO,12/09/2022,13:31:03,119.85,119.8,5400,119.95,27000,0,25207200
ABCAPITAL-I.NFO,12/09/2022,13:31:05,119.85,119.8,10800,119.95,27000,0,25207200
ABCAPITAL-I.NFO,12/09/2022,13:31:05,119.95,119.8,10800,119.95,21600,5400,25207200
ABCAPITAL-I.NFO,12/09/2022,13:31:06,119.95,119.8,10800,119.95,21600,0,25207200
ABCAPITAL-I.NFO,12/09/2022,13:31:07,119.95,119.85,16200,119.95,21600,0,25207200
ABCAPITAL-I.NFO,12/09/2022,13:31:09,119.95,119.85,5400,119.95,21600,0,25207200
ABCAPITAL-I.NFO,12/09/2022,13:31:10,119.95,119.8,16200,119.95,21600,0,25207200
ABCAPITAL-I.NFO,12/09/2022,13:31:22,119.9,119.85,5400,119.95,21600,5400,25207200
ABCAPITAL-I.NFO,12/09/2022,13:31:37,119.75,119.8,5400,119.95,27000,27000,25207200
ABCAPITAL-I.NFO,12/09/2022,13:31:53,119.95,119.8,16200,119.95,21600,10800,25207200
ABCAPITAL-I.NFO,12/09/2022,13:32:19,120.05,120,27000,120.1,16200,48600,25207200
ABCAPITAL-I.NFO,12/09/2022,13:32:40,119.9,119.9,5400,120,5400,27000,25207200
ABCAPITAL-I.NFO,12/09/2022,13:32:59,119.9,119.95,10800,120,5400,0,25207200
ABCAPITAL-I.NFO,12/09/2022,13:33:19,120,120,5400,120.1,10800,10800,25207200
ABCAPITAL-I.NFO,12/09/2022,13:33:43,120.05,119.95,10800,120.1,10800,32400,25261200
ABCAPITAL-I.NFO,12/09/2022,13:34:07,120.05,120,10800,120.15,5400,0,25261200
ABCAPITAL-I.NFO,12/09/2022,13:34:28,120.1,120.1,27000,120.2,27000,21600,25261200
ABCAPITAL-I.NFO,12/09/2022,13:34:46,120.15,120.1,21600,120.2,16200,16200,25261200
ABCAPITAL-I.NFO,12/09/2022,13:34:46,120.2,120.1,21600,120.2,16200,0,25261200
ABCAPITAL-I.NFO,12/09/2022,13:35:12,120.3,120.15,5400,120.35,5400,64800,25261200
ABCAPITAL-I.NFO,12/09/2022,13:35:12,120.3,120.15,5400,120.35,5400,0,25261200
ABCAPITAL-I.NFO,12/09/2022,13:35:33,120.15,120.05,10800,120.25,5400,37800,25261200
ABCAPITAL-I.NFO,12/09/2022,13:35:52,119.85,119.8,10800,120,21600,59400,25261200
ABCAPITAL-I.NFO,12/09/2022,13:36:10,119.9,119.9,5400,120,5400,32400,25261200
ABCAPITAL-I.NFO,12/09/2022,13:36:12,119.9,119.9,5400,120,10800,0,25261200
ABCAPITAL-I.NFO,12/09/2022,13:36:14,119.9,119.8,5400,119.95,5400,10800,25347600
ABCAPITAL-I.NFO,12/09/2022,13:36:16,119.9,119.8,10800,119.95,5400,0,25347600
ABCAPITAL-I.NFO,12/09/2022,13:36:17,119.8,119.8,5400,119.95,5400,5400,25347600
ABCAPITAL-I.NFO,12/09/2022,13:36:18,119.8,119.8,5400,119.95,5400,0,25347600
ABCAPITAL-I.NFO,12/09/2022,13:36:28,119.85,119.75,16200,119.95,16200,5400,25347600
ABCAPITAL-I.NFO,12/09/2022,13:36:29,119.9,119.75,16200,119.95,16200,5400,25347600
ABCAPITAL-I.NFO,12/09/2022,13:36:30,119.9,119.8,10800,119.95,5400,0,25347600
ABCAPITAL-I.NFO,12/09/2022,13:36:33,119.9,119.8,5400,119.95,5400,0,25347600
ABCAPITAL-I.NFO,12/09/2022,13:36:35,119.75,119.75,5400,119.9,16200,21600,25347600
ABCAPITAL-I.NFO,12/09/2022,13:36:35,119.75,119.7,10800,119.9,16200,0,25347600
ABCAPITAL-I.NFO,12/09/2022,13:36:36,119.75,119.7,16200,119.9,16200,0,25347600
ABCAPITAL-I.NFO,12/09/2022,13:36:38,119.75,119.75,5400,119.9,16200,0,25347600
ABCAPITAL-I.NFO,12/09/2022,13:36:39,119.6,119.6,10800,119.8,5400,32400,25347600
ABCAPITAL-I.NFO,12/09/2022,13:36:41,119.6,119.55,10800,119.8,5400,0,25347600
ABCAPITAL-I.NFO,12/09/2022,13:36:42,119.8,119.7,10800,119.9,5400,5400,25347600
ABCAPITAL-I.NFO,12/09/2022,13:36:43,119.8,119.7,5400,119.85,16200,0,25347600
ABCAPITAL-I.NFO,12/09/2022,13:36:46,119.8,119.7,5400,119.85,21600,0,25347600
ABCAPITAL-I.NFO,12/09/2022,13:36:47,119.8,119.7,5400,119.8,5400,0,25347600
ABCAPITAL-I.NFO,12/09/2022,13:36:50,119.7,119.55,10800,119.8,5400,5400,25347600
ABCAPITAL-I.NFO,12/09/2022,13:36:51,119.7,119.6,21600,119.85,16200,0,25347600
ABCAPITAL-I.NFO,12/09/2022,13:36:53,119.7,119.7,5400,119.85,5400,0,25347600
ABCAPITAL-I.NFO,12/09/2022,13:36:56,119.7,119.65,5400,119.85,16200,5400,25347600
ABCAPITAL-I.NFO,12/09/2022,13:36:57,119.65,119.6,16200,119.85,16200,5400,25347600
ABCAPITAL-I.NFO,12/09/2022,13:36:57,119.65,119.6,27000,119.85,5400,0,25347600
ABCAPITAL-I.NFO,12/09/2022,13:36:58,119.65,119.65,5400,119.85,5400,0,25347600
ABCAPITAL-I.NFO,12/09/2022,13:37:00,119.65,119.65,5400,119.8,5400,0,25347600
ABCAPITAL-I.NFO,12/09/2022,13:37:01,119.65,119.7,5400,119.8,5400,0,25347600
ABCAPITAL-I.NFO,12/09/2022,13:37:02,119.8,119.75,5400,119.95,21600,5400,25347600
ABCAPITAL-I.NFO,12/09/2022,13:37:03,119.75,119.7,5400,119.85,5400,5400,25347600
ABCAPITAL-I.NFO,12/09/2022,13:37:04,119.75,119.7,5400,119.85,5400,0,25347600
ABCAPITAL-I.NFO,12/09/2022,13:37:06,119.75,119.75,5400,119.85,5400,0,25347600
ABCAPITAL-I.NFO,12/09/2022,13:37:10,119.85,119.75,5400,119.95,21600,5400,25347600
ABCAPITAL-I.NFO,12/09/2022,13:37:18,119.8,119.7,5400,119.85,5400,10800,25347600
ABCAPITAL-I.NFO,12/09/2022,13:37:33,119.85,119.65,10800,119.9,16200,10800,25347600
ABCAPITAL-I.NFO,12/09/2022,13:37:56,119.9,119.7,5400,119.9,10800,5400,25347600
ABCAPITAL-I.NFO,12/09/2022,13:38:23,119.75,119.75,5400,119.85,10800,5400,25347600
ABCAPITAL-I.NFO,12/09/2022,13:38:47,119.65,119.55,10800,119.7,5400,43200,25347600
ABCAPITAL-I.NFO,12/09/2022,13:39:07,119.6,119.5,16200,119.7,5400,27000,25347600
ABCAPITAL-I.NFO,12/09/2022,13:39:26,119.85,119.7,10800,119.95,43200,32400,25466400
ABCAPITAL-I.NFO,12/09/2022,13:39:43,119.85,119.7,10800,119.95,48600,0,25466400
ABCAPITAL-I.NFO,12/09/2022,13:39:59,119.85,119.7,16200,119.9,5400,21600,25466400
ABCAPITAL-I.NFO,12/09/2022,13:40:16,119.9,119.85,16200,119.95,10800,32400,25466400
ABCAPITAL-I.NFO,12/09/2022,13:40:33,119.9,119.85,21600,119.95,5400,0,25466400
ABCAPITAL-I.NFO,12/09/2022,13:40:56,119.9,119.8,5400,119.9,5400,0,25466400
